@article{emcee_paper,
    title = {{<tt>emcee</tt> : The MCMC Hammer}},
    year = {2013},
    journal = {Publications of the Astronomical Society of the Pacific},
    author = {Foreman-Mackey, Daniel and Hogg, David W. and Lang, Dustin and Goodman, Jonathan},
    number = {925},
    month = {3},
    pages = {306--312},
    volume = {125},
    doi = {10.1086/670067},
    issn = {00046280}
}

@article{marchant-2016,
    title = {{A new route towards merging massive black holes}},
    year = {2016},
    journal = {Astronomy {\&} Astrophysics},
    author = {Marchant, Pablo and Langer, Norbert and Podsiadlowski, Philipp and Tauris, Thomas M. and Moriya, Takashi J.},
    month = {4},
    pages = {A50},
    volume = {588},
    doi = {10.1051/0004-6361/201628133},
    issn = {0004-6361}
}

@article{LIGO_2015,
    title = {{Advanced LIGO}},
    year = {2015},
    journal = {Classical and Quantum Gravity},
    author = {Aasi, J and Abbott, B P and Abbott, R and Abbott, T and Abernathy, M R and Ackley, K and Adams, C and Adams, T and Addesso, P and Adhikari, R X and Adya, V and Affeldt, C and Aggarwal, N and Aguiar, O D and Ain, A and Ajith, P and Alemic, A and Allen, B and Amariutei, D and Anderson, S B and Anderson, W G and Arai, K and Araya, M C and Arceneaux, C and Areeda, J S and Ashton, G and Ast, S and Aston, S M and Aufmuth, P and Aulbert, C and Aylott, B E and Babak, S and Baker, P T and Ballmer, S W and Barayoga, J C and Barbet, M and Barclay, S and Barish, B C and Barker, D and Barr, B and Barsotti, L and Bartlett, J and Barton, M A and Bartos, I and Bassiri, R and Batch, J C and Baune, C and Behnke, B and Bell, A S and Bell, C and Benacquista, M and Bergman, J and Bergmann, G and Berry, C P L and Betzwieser, J and Bhagwat, S and Bhandare, R and Bilenko, I A and Billingsley, G and Birch, J and Biscans, S and Biwer, C and Blackburn, J K and Blackburn, L and Blair, C D and Blair, D and Bock, O and Bodiya, T P and Bojtos, P and Bond, C and Bork, R and Born, M and Bose, Sukanta and Brady, P R and Braginsky, V B and Brau, J E and Bridges, D O and Brinkmann, M and Brooks, A F and Brown, D A and Brown, D D and Brown, N M and Buchman, S and Buikema, A and Buonanno, A and Cadonati, L and Calder{\'{o}}n Bustillo, J and Camp, J B and Cannon, K C and Cao, J and Capano, C D and Caride, S and Caudill, S and Cavagli{\`{a}}, M and Cepeda, C and Chakraborty, R and Chalermsongsak, T and Chamberlin, S J and Chao, S and Charlton, P and Chen, Y and Cho, H S and Cho, M and Chow, J H and Christensen, N and Chu, Q and Chung, S and Ciani, G and Clara, F and Clark, J A and Collette, C and Cominsky, L and Constancio, M and Cook, D and Corbitt, T R and Cornish, N and Corsi, A and Costa, C A and Coughlin, M W and Countryman, S and Couvares, P and Coward, D M and Cowart, M J and Coyne, D C and Coyne, R and Craig, K and Creighton, J D E and Creighton, T D and Cripe, J and Crowder, S G and Cumming, A and Cunningham, L and Cutler, C and Dahl, K and Dal Canton, T and Damjanic, M and Danilishin, S L and Danzmann, K and Dartez, L and Dave, I and Daveloza, H and Davies, G S and Daw, E J and DeBra, D and Del Pozzo, W and Denker, T and Dent, T and Dergachev, V and DeRosa, R T and DeSalvo, R and Dhurandhar, S and D´ıaz, M and Di Palma, I and Dojcinoski, G and Dominguez, E and Donovan, F and Dooley, K L and Doravari, S and Douglas, R and Downes, T P and Driggers, J C and Du, Z and Dwyer, S and Eberle, T and Edo, T and Edwards, M and Edwards, M and Effler, A and Eggenstein, H.-B and Ehrens, P and Eichholz, J and Eikenberry, S S and Essick, R and Etzel, T and Evans, M and Evans, T and Factourovich, M and Fairhurst, S and Fan, X and Fang, Q and Farr, B and Farr, W M and Favata, M and Fays, M and Fehrmann, H and Fejer, M M and Feldbaum, D and Ferreira, E C and Fisher, R P and Frei, Z and Freise, A and Frey, R and Fricke, T T and Fritschel, P and Frolov, V V and Fuentes-Tapia, S and Fulda, P and Fyffe, M and Gair, J R and Gaonkar, S and Gehrels, N and Gergely´, L Á and Giaime, J A and Giardina, K D and Gleason, J and Goetz, E and Goetz, R and Gondan, L and Gonz{\'{a}}lez, G and Gordon, N and Gorodetsky, M L and Gossan, S and Go{\ss}ler, S and Gr{\"{a}}f, C and Graff, P B and Grant, A and Gras, S and Gray, C and Greenhalgh, R J S and Gretarsson, A M and Grote, H and Grunewald, S and Guido, C J and Guo, X and Gushwa, K and Gustafson, E K and Gustafson, R and Hacker, J and Hall, E D and Hammond, G and Hanke, M and Hanks, J and Hanna, C and Hannam, M D and Hanson, J and Hardwick, T and Harry, G M and Harry, I W and Hart, M and Hartman, M T and Haster, C-J and Haughian, K and Hee, S and Heintze, M and Heinzel, G and Hendry, M and Heng, I S and Heptonstall, A W and Heurs, M and Hewitson, M and Hild, S and Hoak, D and Hodge, K A and Hollitt, S E and Holt, K and Hopkins, P and Hosken, D J and Hough, J and Houston, E and Howell, E J and Hu, Y M and Huerta, E and Hughey, B and Husa, S and Huttner, S H and Huynh, M and Huynh-Dinh, T and Idrisy, A and Indik, N and Ingram, D R and Inta, R and Islas, G and Isler, J C and Isogai, T and Iyer, B R and Izumi, K and Jacobson, M and Jang, H and Jawahar, S and Ji, Y and Jim{\'{e}}nez-Forteza, F and Johnson, W W and Jones, D I and Jones, R and Ju, L and Haris, K and Kalogera, V and Kandhasamy, S and Kang, G and Kanner, J B and Katsavounidis, E and Katzman, W and Kaufer, H and Kaufer, S and Kaur, T and Kawabe, K and Kawazoe, F and Keiser, G M and Keitel, D and Kelley, D B and Kells, W and Keppel, D G and Key, J S and Khalaidovski, A and Khalili, F Y and Khazanov, E A and Kim, C and Kim, K and Kim, N G and Kim, N and Kim, Y.-M and King, E J and King, P J and Kinzel, D L and Kissel, J S and Klimenko, S and Kline, J and Koehlenbeck, S and Kokeyama, K and Kondrashov, V and Korobko, M and Korth, W Z and Kozak, D B and Kringel, V and Krishnan, B and Krueger, C and Kuehn, G and Kumar, A and Kumar, P and Kuo, L and Landry, M and Lantz, B and Larson, S and Lasky, P D and Lazzarini, A and Lazzaro, C and Le, J and Leaci, P and Leavey, S and Lebigot, E O and Lee, C H and Lee, H K and Lee, H M and Leong, J R and Levin, Y and Levine, B and Lewis, J and Li, T G F and Libbrecht, K and Libson, A and Lin, A C and Littenberg, T B and Lockerbie, N A and Lockett, V and Logue, J and Lombardi, A L and Lormand, M and Lough, J and Lubinski, M J and L{\"{u}}ck, H and Lundgren, A P and Lynch, R and Ma, Y and Macarthur, J and MacDonald, T and Machenschalk, B and MacInnis, M and Macleod, D M and Maga{\~{n}}a-Sandoval, F and Magee, R and Mageswaran, M and Maglione, C and Mailand, K and Mandel, I and Mandic, V and Mangano, V and Mansell, G L and M{\'{a}}rka, S and M{\'{a}}rka, Z and Markosyan, A and Maros, E and Martin, I W and Martin, R M and Martynov, D and Marx, J N and Mason, K and Massinger, T J and Matichard, F and Matone, L and Mavalvala, N and Mazumder, N and Mazzolo, G and McCarthy, R and McClelland, D E and McCormick, S and McGuire, S C and McIntyre, G and McIver, J and McLin, K and McWilliams, S and Meadors, G D and Meinders, M and Melatos, A and Mendell, G and Mercer, R A and Meshkov, S and Messenger, C and Meyers, P M and Miao, H and Middleton, H and Mikhailov, E E and Miller, A and Miller, J and Millhouse, M and Ming, J and Mirshekari, S and Mishra, C and Mitra, S and Mitrofanov, V P and Mitselmakher, G and Mittleman, R and Moe, B and Mohanty, S D and Mohapatra, S R P and Moore, B and Moraru, D and Moreno, G and Morriss, S R and Mossavi, K and Mow-Lowry, C M and Mueller, C L and Mueller, G and Mukherjee, S and Mullavey, A and Munch, J and Murphy, D and Murray, P G and Mytidis, A and Nash, T and Nayak, R K and Necula, V and Nedkova, K and Newton, G and Nguyen, T and Nielsen, A B and Nissanke, S and Nitz, A H and Nolting, D and Normandin, M E N and Nuttall, L K and Ochsner, E and O’Dell, J and Oelker, E and Ogin, G H and Oh, J J and Oh, S H and Ohme, F and Oppermann, P and Oram, R and O’Reilly, B and Ortega, W and O’Shaughnessy, R and Osthelder, C and Ott, C D and Ottaway, D J and Ottens, R S and Overmier, H and Owen, B J and Padilla, C and Pai, A and Pai, S and Palashov, O and Pal-Singh, A and Pan, H and Pankow, C and Pannarale, F and Pant, B C and Papa, M A and Paris, H and Patrick, Z and Pedraza, M and Pekowsky, L and Pele, A and Penn, S and Perreca, A and Phelps, M and Pierro, V and Pinto, I M and Pitkin, M and Poeld, J and Post, A and Poteomkin, A and Powell, J and Prasad, J and Predoi, V and Premachandra, S and Prestegard, T and Price, L R and Principe, M and Privitera, S and Prix, R and Prokhorov, L and Puncken, O and P{\"{u}}rrer, M and Qin, J and Quetschke, V and Quintero, E and Quiroga, G and Quitzow-James, R and Raab, F J and Rabeling, D S and Radkins, H and Raffai, P and Raja, S and Rajalakshmi, G and Rakhmanov, M and Ramirez, K and Raymond, V and Reed, C M and Reid, S and Reitze, D H and Reula, O and Riles, K and Robertson, N A and Robie, R and Rollins, J G and Roma, V and Romano, J D and Romanov, G and Romie, J H and Rowan, S and R{\"{u}}diger, A and Ryan, K and Sachdev, S and Sadecki, T and Sadeghian, L and Saleem, M and Salemi, F and Sammut, L and Sandberg, V and Sanders, J R and Sannibale, V and Santiago-Prieto, I and Sathyaprakash, B S and Saulson, P R and Savage, R and Sawadsky, A and Scheuer, J and Schilling, R and Schmidt, P and Schnabel, R and Schofield, R M S and Schreiber, E and Schuette, D and Schutz, B F and Scott, J and Scott, S M and Sellers, D and Sengupta, A S and Sergeev, A and Serna, G and Sevigny, A and Shaddock, D A and Shahriar, M S and Shaltev, M and Shao, Z and Shapiro, B and Shawhan, P and Shoemaker, D H and Sidery, T L and Siemens, X and Sigg, D and Silva, A D and Simakov, D and Singer, A and Singer, L and Singh, R and Sintes, A M and Slagmolen, B J J and Smith, J R and Smith, M R and Smith, R J E and Smith-Lefebvre, N D and Son, E J and Sorazu, B and Souradeep, T and Staley, A and Stebbins, J and Steinke, M and Steinlechner, J and Steinlechner, S and Steinmeyer, D and Stephens, B C and Steplewski, S and Stevenson, S and Stone, R and Strain, K A and Strigin, S and Sturani, R and Stuver, A L and Summerscales, T Z and Sutton, P J and Szczepanczyk, M and Szeifert, G and Talukder, D and Tanner, D B and T{\'{a}}pai, M and Tarabrin, S P and Taracchini, A and Taylor, R and Tellez, G and Theeg, T and Thirugnanasambandam, M P and Thomas, M and Thomas, P and Thorne, K A and Thorne, K S and Thrane, E and Tiwari, V and Tomlinson, C and Torres, C V and Torrie, C I and Traylor, G and Tse, M and Tshilumba, D and Ugolini, D and Unnikrishnan, C S and Urban, A L and Usman, S A and Vahlbruch, H and Vajente, G and Valdes, G and Vallisneri, M and van Veggel, A A and Vass, S and Vaulin, R and Vecchio, A and Veitch, J and Veitch, P J and Venkateswara, K and Vincent-Finley, R and Vitale, S and Vo, T and Vorvick, C and Vousden, W D and Vyatchanin, S P and Wade, A R and Wade, L and Wade, M and Walker, M and Wallace, L and Walsh, S and Wang, H and Wang, M and Wang, X and Ward, R L and Warner, J and Was, M and Weaver, B and Weinert, M and Weinstein, A J and Weiss, R and Welborn, T and Wen, L and Wessels, P and Westphal, T and Wette, K and Whelan, J T and Whitcomb, S E and White, D J and Whiting, B F and Wilkinson, C and Williams, L and Williams, R and Williamson, A R and Willis, J L and Willke, B and Wimmer, M and Winkler, W and Wipf, C C and Wittel, H and Woan, G and Worden, J and Xie, S and Yablon, J and Yakushin, I and Yam, W and Yamamoto, H and Yancey, C C and Yang, Q and Zanolin, M and Zhang, Fan and Zhang, L and Zhang, M and Zhang, Y and Zhao, C and Zhou, M and Zhu, X J and Zucker, M E and Zuraw, S and Zweizig, J},
    number = {7},
    month = {4},
    pages = {074001},
    volume = {32},
    doi = {10.1088/0264-9381/32/7/074001},
    issn = {0264-9381}
}

@article{virgo-2015,
    title = {{Advanced Virgo: a second-generation interferometric gravitational wave detector}},
    year = {2015},
    journal = {Classical and Quantum Gravity},
    author = {Acernese, F and Agathos, M and Agatsuma, K and Aisa, D and Allemandou, N and Allocca, A and Amarni, J and Astone, P and Balestri, G and Ballardin, G and Barone, F and Baronick, J-P and Barsuglia, M and Basti, A and Basti, F and Bauer, Th S and Bavigadda, V and Bejger, M and Beker, M G and Belczynski, C and Bersanetti, D and Bertolini, A and Bitossi, M and Bizouard, M A and Bloemen, S and Blom, M and Boer, M and Bogaert, G and Bondi, D and Bondu, F and Bonelli, L and Bonnand, R and Boschi, V and Bosi, L and Bouedo, T and Bradaschia, C and Branchesi, M and Briant, T and Brillet, A and Brisson, V and Bulik, T and Bulten, H J and Buskulic, D and Buy, C and Cagnoli, G and Calloni, E and Campeggi, C and Canuel, B and Carbognani, F and Cavalier, F and Cavalieri, R and Cella, G and Cesarini, E and Mottin, E Chassande- and Chincarini, A and Chiummo, A and Chua, S and Cleva, F and Coccia, E and Cohadon, P-F and Colla, A and Colombini, M and Conte, A and Coulon, J-P and Cuoco, E and Dalmaz, A and D’Antonio, S and Dattilo, V and Davier, M and Day, R and Debreczeni, G and Degallaix, J and Del{\'{e}}glise, S and Pozzo, W Del and Dereli, H and Rosa, R De and Fiore, L Di and Lieto, A Di and Virgilio, A Di and Doets, M and Dolique, V and Drago, M and Ducrot, M and Endr{\H{o}}czi, G and Fafone, V and Farinon, S and Ferrante, I and Ferrini, F and Fidecaro, F and Fiori, I and Flaminio, R and Fournier, J-D and Franco, S and Frasca, S and Frasconi, F and Gammaitoni, L and Garufi, F and Gaspard, M and Gatto, A and Gemme, G and Gendre, B and Genin, E and Gennai, A and Ghosh, S and Giacobone, L and Giazotto, A and Gouaty, R and Granata, M and Greco, G and Groot, P and Guidi, G M and Harms, J and Heidmann, A and Heitmann, H and Hello, P and Hemming, G and Hennes, E and Hofman, D and Jaranowski, P and Jonker, R J G and Kasprzack, M and K{\'{e}}f{\'{e}}lian, F and Kowalska, I and Kraan, M and Kr{\'{o}}lak, A and Kutynia, A and Lazzaro, C and Leonardi, M and Leroy, N and Letendre, N and Li, T G F and Lieunard, B and Lorenzini, M and Loriette, V and Losurdo, G and Magazz{\`{u}}, C and Majorana, E and Maksimovic, I and Malvezzi, V and Man, N and Mangano, V and Mantovani, M and Marchesoni, F and Marion, F and Marque, J and Martelli, F and Martellini, L and Masserot, A and Meacher, D and Meidam, J and Mezzani, F and Michel, C and Milano, L and Minenkov, Y and Moggi, A and Mohan, M and Montani, M and Morgado, N and Mours, B and Mul, F and Nagy, M F and Nardecchia, I and Naticchioni, L and Nelemans, G and Neri, I and Neri, M and Nocera, F and Pacaud, E and Palomba, C and Paoletti, F and Paoli, A and Pasqualetti, A and Passaquieti, R and Passuello, D and Perciballi, M and Petit, S and Pichot, M and Piergiovanni, F and Pillant, G and Piluso, A and Pinard, L and Poggiani, R and Prijatelj, M and Prodi, G A and Punturo, M and Puppo, P and Rabeling, D S and R{\'{a}}cz, I and Rapagnani, P and Razzano, M and Re, V and Regimbau, T and Ricci, F and Robinet, F and Rocchi, A and Rolland, L and Romano, R and Rosi{\'{n}}ska, D and Ruggi, P and Saracco, E and Sassolas, B and Schimmel, F and Sentenac, D and Sequino, V and Shah, S and Siellez, K and Straniero, N and Swinkels, B and Tacca, M and Tonelli, M and Travasso, F and Turconi, M and Vajente, G and van Bakel, N and van Beuzekom, M and van den Brand, J F J and Van Den Broeck, C and van der Sluys, M V and van Heijningen, J and Vas{\'{u}}th, M and Vedovato, G and Veitch, J and Verkindt, D and Vetrano, F and Vicer{\'{e}}, A and Vinet, J-Y and Visser, G and Vocca, H and Ward, R and Was, M and Wei, L-W and Yvert, M and {\.{z}}ny, A Zadro and Zendri, J-P},
    number = {2},
    month = {1},
    pages = {024001},
    volume = {32},
    doi = {10.1088/0264-9381/32/2/024001},
    issn = {0264-9381}
}

@article{Abbott_2016,
    title = {{ASTROPHYSICAL IMPLICATIONS OF THE BINARY BLACK HOLE MERGER GW150914}},
    year = {2016},
    journal = {The Astrophysical Journal},
    author = {Abbott, B. P. and Abbott, R. and Abbott, T. D. and Abernathy, M. R. and Acernese, F. and Ackley, K. and Adams, C. and Adams, T. and Addesso, P. and Adhikari, R. X. and Adya, V. B. and Affeldt, C. and Agathos, M. and Agatsuma, K. and Aggarwal, N. and Aguiar, O. D. and Aiello, L. and Ain, A. and Ajith, P. and Allen, B. and Allocca, A. and Altin, P. A. and Anderson, S. B. and Anderson, W. G. and Arai, K. and Araya, M. C. and Arceneaux, C. C. and Areeda, J. S. and Arnaud, N. and Arun, K. G. and Ascenzi, S. and Ashton, G. and Ast, M. and Aston, S. M. and Astone, P. and Aufmuth, P. and Aulbert, C. and Babak, S. and Bacon, P. and Bader, M. K. M. and Baker, P. T. and Baldaccini, F. and Ballardin, G. and Ballmer, S. W. and Barayoga, J. C. and Barclay, S. E. and Barish, B. C. and Barker, D. and Barone, F. and Barr, B. and Barsotti, L. and Barsuglia, M. and Barta, D. and Bartlett, J. and Bartos, I. and Bassiri, R. and Basti, A. and Batch, J. C. and Baune, C. and Bavigadda, V. and Bazzan, M. and Behnke, B. and Bejger, M. and Belczynski, C. and Bell, A. S. and Bell, C. J. and Berger, B. K. and Bergman, J. and Bergmann, G. and Berry, C. P. L. and Bersanetti, D. and Bertolini, A. and Betzwieser, J. and Bhagwat, S. and Bhandare, R. and Bilenko, I. A. and Billingsley, G. and Birch, J. and Birney, R. and Biscans, S. and Bisht, A. and Bitossi, M. and Biwer, C. and Bizouard, M. A. and Blackburn, J. K. and Blair, C. D. and Blair, D. G. and Blair, R. M. and Bloemen, S. and Bock, O. and Bodiya, T. P. and Boer, M. and Bogaert, G. and Bogan, C. and Bohe, A. and Bojtos, P. and Bond, C. and Bondu, F. and Bonnand, R. and Boom, B. A. and Bork, R. and Boschi, V. and Bose, S. and Bouffanais, Y. and Bozzi, A. and Bradaschia, C. and Brady, P. R. and Braginsky, V. B. and Branchesi, M. and Brau, J. E. and Briant, T. and Brillet, A. and Brinkmann, M. and Brisson, V. and Brockill, P. and Brooks, A. F. and Brown, D. A. and Brown, D. D. and Brown, N. M. and Buchanan, C. C. and Buikema, A. and Bulik, T. and Bulten, H. J. and Buonanno, A. and Buskulic, D. and Buy, C. and Byer, R. L. and Cadonati, L. and Cagnoli, G. and Cahillane, C. and Bustillo, J. Calderón and Callister, T. and Calloni, E. and Camp, J. B. and Cannon, K. C. and Cao, J. and Capano, C. D. and Capocasa, E. and Carbognani, F. and Caride, S. and Diaz, J. Casanueva and Casentini, C. and Caudill, S. and Cavagli{\`{a}}, M. and Cavalier, F. and Cavalieri, R. and Cella, G. and Cepeda, C. and Baiardi, L. Cerboni and Cerretani, G. and Cesarini, E. and Chakraborty, R. and Chalermsongsak, T. and Chamberlin, S. J. and Chan, M. and Chao, S. and Charlton, P. and Chassande-Mottin, E. and Chen, H. Y. and Chen, Y. and Cheng, C. and Chincarini, A. and Chiummo, A. and Cho, H. S. and Cho, M. and Chow, J. H. and Christensen, N. and Chu, Q. and Chua, S. and Chung, S. and Ciani, G. and Clara, F. and Clark, J. A. and Cleva, F. and Coccia, E. and Cohadon, P.-F. and Colla, A. and Collette, C. G. and Cominsky, L. and Constancio Jr., M. and Conte, A. and Conti, L. and Cook, D. and Corbitt, T. R. and Cornish, N. and Corsi, A. and Cortese, S. and Costa, C. A. and Coughlin, M. W. and Coughlin, S. B. and Coulon, J.-P. and Countryman, S. T. and Couvares, P. and Cowan, E. E. and Coward, D. M. and Cowart, M. J. and Coyne, D. C. and Coyne, R. and Craig, K. and Creighton, J. D. E. and Cripe, J. and Crowder, S. G. and Cumming, A. and Cunningham, L. and Cuoco, E. and Canton, T. Dal and Danilishin, S. L. and D’Antonio, S. and Danzmann, K. and Darman, N. S. and Dattilo, V. and Dave, I. and Daveloza, H. P. and Davier, M. and Davies, G. S. and Daw, E. J. and Day, R. and DeBra, D. and Debreczeni, G. and Degallaix, J. and Laurentis, M. De and Del{\'{e}}glise, S. and Pozzo, W. Del and Denker, T. and Dent, T. and Dereli, H. and Dergachev, V. and DeRosa, R. and DeRosa, R. T. and DeSalvo, R. and Dhurandhar, S. and D{\'{i}}az, M. C. and Fiore, L. Di and Giovanni, M. Di and Lieto, A. Di and Pace, S. Di and Palma, I. Di and Virgilio, A. Di and Dojcinoski, G. and Dolique, V. and Donovan, F. and Dooley, K. L. and Doravari, S. and Douglas, R. and Downes, T. P. and Drago, M. and Drever, R. W. P. and Driggers, J. C. and Du, Z. and Ducrot, M. and Dwyer, S. E. and Edo, T. B. and Edwards, M. C. and Effler, A. and Eggenstein, H.-B. and Ehrens, P. and Eichholz, J. and Eikenberry, S. S. and Engels, W. and Essick, R. C. and Etzel, T. and Evans, M. and Evans, T. M. and Everett, R. and Factourovich, M. and Fafone, V. and Fair, H. and Fairhurst, S. and Fan, X. and Fang, Q. and Farinon, S. and Farr, B. and Farr, W. M. and Favata, M. and Fays, M. and Fehrmann, H. and Fejer, M. M. and Ferrante, I. and Ferreira, E. C. and Ferrini, F. and Fidecaro, F. and Fiori, I. and Fiorucci, D. and Fisher, R. P. and Flaminio, R. and Fletcher, M. and Fournier, J.-D. and Franco, S. and Frasca, S. and Frasconi, F. and Frei, Z. and Freise, A. and Frey, R. and Frey, V. and Fricke, T. T. and Fritschel, P. and Frolov, V. V. and Fulda, P. and Fyffe, M. and Gabbard, H. A. G. and Gair, J. R. and Gammaitoni, L. and Gaonkar, S. G. and Garufi, F. and Gatto, A. and Gaur, G. and Gehrels, N. and Gemme, G. and Gendre, B. and Genin, E. and Gennai, A. and George, J. and Gergely, L. and Germain, V. and Ghosh, Archisman and Ghosh, S. and Giaime, J. A. and Giardina, K. D. and Giazotto, A. and Gill, K. and Glaefke, A. and Goetz, E. and Goetz, R. and Gondan, L. and Gonz{\'{a}}lez, G. and Castro, J. M. Gonzalez and Gopakumar, A. and Gordon, N. A. and Gorodetsky, M. L. and Gossan, S. E. and Gosselin, M. and Gouaty, R. and Graef, C. and Graff, P. B. and Granata, M. and Grant, A. and Gras, S. and Gray, C. and Greco, G. and Green, A. C. and Groot, P. and Grote, H. and Grunewald, S. and Guidi, G. M. and Guo, X. and Gupta, A. and Gupta, M. K. and Gushwa, K. E. and Gustafson, E. K. and Gustafson, R. and Hacker, J. J. and Hall, B. R. and Hall, E. D. and Hammond, G. and Haney, M. and Hanke, M. M. and Hanks, J. and Hanna, C. and Hannam, M. D. and Hanson, J. and Hardwick, T. and Harms, J. and Harry, G. M. and Harry, I. W. and Hart, M. J. and Hartman, M. T. and Haster, C.-J. and Haughian, K. and Heidmann, A. and Heintze, M. C. and Heitmann, H. and Hello, P. and Hemming, G. and Hendry, M. and Heng, I. S. and Hennig, J. and Heptonstall, A. W. and Heurs, M. and Hild, S. and Hoak, D. and Hodge, K. A. and Hofman, D. and Hollitt, S. E. and Holt, K. and Holz, D. E. and Hopkins, P. and Hosken, D. J. and Hough, J. and Houston, E. A. and Howell, E. J. and Hu, Y. M. and Huang, S. and Huerta, E. A. and Huet, D. and Hughey, B. and Husa, S. and Huttner, S. H. and Huynh-Dinh, T. and Idrisy, A. and Indik, N. and Ingram, D. R. and Inta, R. and Isa, H. N. and Isac, J.-M. and Isi, M. and Islas, G. and Isogai, T. and Iyer, B. R. and Izumi, K. and Jacqmin, T. and Jang, H. and Jani, K. and Jaranowski, P. and Jawahar, S. and Jim{\'{e}}nez-Forteza, F. and Johnson, W. W. and Jones, D. I. and Jones, R. and Jonker, R. J. G. and Ju, L. and K, Haris and Kalaghatgi, C. V. and Kalogera, V. and Kandhasamy, S. and Kang, G. and Kanner, J. B. and Karki, S. and Kasprzack, M. and Katsavounidis, E. and Katzman, W. and Kaufer, S. and Kaur, T. and Kawabe, K. and Kawazoe, F. and K{\'{e}}f{\'{e}}lian, F. and Kehl, M. S. and Keitel, D. and Kelley, D. B. and Kells, W. and Kennedy, R. and Key, J. S. and Khalaidovski, A. and Khalili, F. Y. and Khan, I. and Khan, S. and Khan, Z. and Khazanov, E. A. and Kijbunchoo, N. and Kim, C. and Kim, J. and Kim, K. and Kim, Nam-Gyu and Kim, Namjun and Kim, Y.-M. and King, E. J. and King, P. J. and Kinzel, D. L. and Kissel, J. S. and Kleybolte, L. and Klimenko, S. and Koehlenbeck, S. M. and Kokeyama, K. and Koley, S. and Kondrashov, V. and Kontos, A. and Korobko, M. and Korth, W. Z. and Kowalska, I. and Kozak, D. B. and Kringel, V. and Krishnan, B. and Kr{\'{o}}lak, A. and Krueger, C. and Kuehn, G. and Kumar, P. and Kuo, L. and Kutynia, A. and Lackey, B. D. and Landry, M. and Lange, J. and Lantz, B. and Lasky, P. D. and Lazzarini, A. and Lazzaro, C. and Leaci, P. and Leavey, S. and Lebigot, E. O. and Lee, C. H. and Lee, H. K. and Lee, H. M. and Lee, K. and Lenon, A. and Leonardi, M. and Leong, J. R. and Leroy, N. and Letendre, N. and Levin, Y. and Levine, B. M. and Li, T. G. F. and Libson, A. and Littenberg, T. B. and Lockerbie, N. A. and Logue, J. and Lombardi, A. L. and Lord, J. E. and Lorenzini, M. and Loriette, V. and Lormand, M. and Losurdo, G. and Lough, J. D. and L{\"{u}}ck, H. and Lundgren, A. P. and Luo, J. and Lynch, R. and Ma, Y. and MacDonald, T. and Machenschalk, B. and MacInnis, M. and Macleod, D. M. and Maga{\~{n}}a-Sandoval, F. and Magee, R. M. and Mageswaran, M. and Majorana, E. and Maksimovic, I. and Malvezzi, V. and Man, N. and Mandel, I. and Mandic, V. and Mangano, V. and Mansell, G. L. and Manske, M. and Mantovani, M. and Marchesoni, F. and Marion, F. and M{\'{a}}rka, S. and M{\'{a}}rka, Z. and Markosyan, A. S. and Maros, E. and Martelli, F. and Martellini, L. and Martin, I. W. and Martin, R. M. and Martynov, D. V. and Marx, J. N. and Mason, K. and Masserot, A. and Massinger, T. J. and Masso-Reid, M. and Matichard, F. and Matone, L. and Mavalvala, N. and Mazumder, N. and Mazzolo, G. and McCarthy, R. and McClelland, D. E. and McCormick, S. and McGuire, S. C. and McIntyre, G. and McIver, J. and McManus, D. J. and McWilliams, S. T. and Meacher, D. and Meadors, G. D. and Meidam, J. and Melatos, A. and Mendell, G. and Mendoza-Gandara, D. and Mercer, R. A. and Merilh, E. and Merzougui, M. and Meshkov, S. and Messenger, C. and Messick, C. and Meyers, P. M. and Mezzani, F. and Miao, H. and Michel, C. and Middleton, H. and Mikhailov, E. E. and Milano, L. and Miller, J. and Millhouse, M. and Minenkov, Y. and Ming, J. and Mirshekari, S. and Mishra, C. and Mitra, S. and Mitrofanov, V. P. and Mitselmakher, G. and Mittleman, R. and Moggi, A. and Mohan, M. and Mohapatra, S. R. P. and Montani, M. and Moore, B. C. and Moore, C. J. and Moraru, D. and Moreno, G. and Morriss, S. R. and Mossavi, K. and Mours, B. and Mow-Lowry, C. M. and Mueller, C. L. and Mueller, G. and Muir, A. W. and Mukherjee, Arunava and Mukherjee, D. and Mukherjee, S. and Mukund, N. and Mullavey, A. and Munch, J. and Murphy, D. J. and Murray, P. G. and Mytidis, A. and Nardecchia, I. and Naticchioni, L. and Nayak, R. K. and Necula, V. and Nedkova, K. and Nelemans, G. and Neri, M. and Neunzert, A. and Newton, G. and Nguyen, T. T. and Nielsen, A. B. and Nissanke, S. and Nitz, A. and Nocera, F. and Nolting, D. and Normandin, M. E. N. and Nuttall, L. K. and Oberling, J. and Ochsner, E. and O’Dell, J. and Oelker, E. and Ogin, G. H. and Oh, J. J. and Oh, S. H. and Ohme, F. and Oliver, M. and Oppermann, P. and Oram, Richard J. and O’Reilly, B. and O’Shaughnessy, R. and Ottaway, D. J. and Ottens, R. S. and Overmier, H. and Owen, B. J. and Pai, A. and Pai, S. A. and Palamos, J. R. and Palashov, O. and Palomba, C. and Pal-Singh, A. and Pan, H. and Pankow, C. and Pannarale, F. and Pant, B. C. and Paoletti, F. and Paoli, A. and Papa, M. A. and Paris, H. R. and Parker, W. and Pascucci, D. and Pasqualetti, A. and Passaquieti, R. and Passuello, D. and Patricelli, B. and Patrick, Z. and Pearlstone, B. L. and Pedraza, M. and Pedurand, R. and Pekowsky, L. and Pele, A. and Penn, S. and Perreca, A. and Phelps, M. and Piccinni, O. and Pichot, M. and Piergiovanni, F. and Pierro, V. and Pillant, G. and Pinard, L. and Pinto, I. M. and Pitkin, M. and Poggiani, R. and Popolizio, P. and Post, A. and Powell, J. and Prasad, J. and Predoi, V. and Premachandra, S. S. and Prestegard, T. and Price, L. R. and Prijatelj, M. and Principe, M. and Privitera, S. and Prix, R. and Prodi, G. A. and Prokhorov, L. and Puncken, O. and Punturo, M. and Puppo, P. and P{\"{u}}rrer, M. and Qi, H. and Qin, J. and Quetschke, V. and Quintero, E. A. and Quitzow-James, R. and Raab, F. J. and Rabeling, D. S. and Radkins, H. and Raffai, P. and Raja, S. and Rakhmanov, M. and Rapagnani, P. and Raymond, V. and Razzano, M. and Re, V. and Read, J. and Reed, C. M. and Regimbau, T. and Rei, L. and Reid, S. and Reitze, D. H. and Rew, H. and Reyes, S. D. and Ricci, F. and Riles, K. and Robertson, N. A. and Robie, R. and Robinet, F. and Rocchi, A. and Rolland, L. and Rollins, J. G. and Roma, V. J. and Romano, J. D. and Romano, R. and Romanov, G. and Romie, J. H. and Rosi{\'{n}}ska, D. and Rowan, S. and R{\"{u}}diger, A. and Ruggi, P. and Ryan, K. and Sachdev, S. and Sadecki, T. and Sadeghian, L. and Salconi, L. and Saleem, M. and Salemi, F. and Samajdar, A. and Sammut, L. and Sanchez, E. J. and Sandberg, V. and Sandeen, B. and Sanders, J. R. and Sassolas, B. and Sathyaprakash, B. S. and Saulson, P. R. and Sauter, O. and Savage, R. L. and Sawadsky, A. and Schale, P. and Schilling, R. and Schmidt, J. and Schmidt, P. and Schnabel, R. and Schofield, R. M. S. and Sch{\"{o}}nbeck, A. and Schreiber, E. and Schuette, D. and Schutz, B. F. and Scott, J. and Scott, S. M. and Sellers, D. and Sentenac, D. and Sequino, V. and Sergeev, A. and Serna, G. and Setyawati, Y. and Sevigny, A. and Shaddock, D. A. and Shah, S. and Shahriar, M. S. and Shaltev, M. and Shao, Z. and Shapiro, B. and Shawhan, P. and Sheperd, A. and Shoemaker, D. H. and Shoemaker, D. M. and Siellez, K. and Siemens, X. and Sigg, D. and Silva, A. D. and Simakov, D. and Singer, A. and Singer, L. P. and Singh, A. and Singh, R. and Singhal, A. and Sintes, A. M. and Slagmolen, B. J. J. and Smith, J. R. and Smith, N. D. and Smith, R. J. E. and Son, E. J. and Sorazu, B. and Sorrentino, F. and Souradeep, T. and Srivastava, A. K. and Staley, A. and Steinke, M. and Steinlechner, J. and Steinlechner, S. and Steinmeyer, D. and Stephens, B. C. and Stevenson, S. P. and Stone, R. and Strain, K. A. and Straniero, N. and Stratta, G. and Strauss, N. A. and Strigin, S. and Sturani, R. and Stuver, A. L. and Summerscales, T. Z. and Sun, L. and Sutton, P. J. and Swinkels, B. L. and Szczepa{\'{n}}czyk, M. J. and Tacca, M. and Talukder, D. and Tanner, D. B. and T{\'{a}}pai, M. and Tarabrin, S. P. and Taracchini, A. and Taylor, R. and Theeg, T. and Thirugnanasambandam, M. P. and Thomas, E. G. and Thomas, M. and Thomas, P. and Thorne, K. A. and Thorne, K. S. and Thrane, E. and Tiwari, S. and Tiwari, V. and Tokmakov, K. V. and Tomlinson, C. and Tonelli, M. and Torres, C. V. and Torrie, C. I. and T{\"{o}}yr{\"{a}}, D. and Travasso, F. and Traylor, G. and Trifir{\`{o}}, D. and Tringali, M. C. and Trozzo, L. and Tse, M. and Turconi, M. and Tuyenbayev, D. and Ugolini, D. and Unnikrishnan, C. S. and Urban, A. L. and Usman, S. A. and Vahlbruch, H. and Vajente, G. and Valdes, G. and Bakel, N. van and Beuzekom, M. van and Brand, J. F. J. van den and Broeck, C. van den and Vander-Hyde, D. C. and Schaaf, L. van der and Heijningen, J. V. van and Veggel, A. A. van and Vardaro, M. and Vass, S. and Vas{\'{u}}th, M. and Vaulin, R. and Vecchio, A. and Vedovato, G. and Veitch, J. and Veitch, P. J. and Venkateswara, K. and Verkindt, D. and Vetrano, F. and Vicer{\'{e}}, A. and Vinciguerra, S. and Vine, D. J. and Vinet, J.-Y. and Vitale, S. and Vo, T. and Vocca, H. and Vorvick, C. and Voss, D. and Vousden, W. D. and Vyatchanin, S. P. and Wade, A. R. and Wade, L. E. and Wade, M. and Walker, M. and Wallace, L. and Walsh, S. and Wang, G. and Wang, H. and Wang, M. and Wang, X. and Wang, Y. and Ward, R. L. and Warner, J. and Was, M. and Weaver, B. and Wei, L.-W. and Weinert, M. and Weinstein, A. J. and Weiss, R. and Welborn, T. and Wen, L. and We{\ss}els, P. and Westphal, T. and Wette, K. and Whelan, J. T. and White, D. J. and Whiting, B. F. and Williams, R. D. and Williamson, A. R. and Willis, J. L. and Willke, B. and Wimmer, M. H. and Winkler, W. and Wipf, C. C. and Wittel, H. and Woan, G. and Worden, J. and Wright, J. L. and Wu, G. and Yablon, J. and Yam, W. and Yamamoto, H. and Yancey, C. C. and Yap, M. J. and Yu, H. and Yvert, M. and Zadro{\.{z}}ny, A. and Zangrando, L. and Zanolin, M. and Zendri, J.-P. and Zevin, M. and Zhang, F. and Zhang, L. and Zhang, M. and Zhang, Y. and Zhao, C. and Zhou, M. and Zhou, Z. and Zhu, X. J. and Zucker, M. E. and Zuraw, S. E. and {and} and Zweizig, J.},
    number = {2},
    month = {2},
    pages = {L22},
    volume = {818},
    doi = {10.3847/2041-8205/818/2/L22},
    issn = {2041-8213}
}

@article{LSC-GW150914-2016,
    title = {{ASTROPHYSICAL IMPLICATIONS OF THE BINARY BLACK HOLE MERGER GW150914}},
    year = {2016},
    journal = {The Astrophysical Journal},
    author = {Abbott, B. P. and Abbott, R. and Abbott, T. D. and Abernathy, M. R. and Acernese, F. and Ackley, K. and Adams, C. and Adams, T. and Addesso, P. and Adhikari, R. X. and Adya, V. B. and Affeldt, C. and Agathos, M. and Agatsuma, K. and Aggarwal, N. and Aguiar, O. D. and Aiello, L. and Ain, A. and Ajith, P. and Allen, B. and Allocca, A. and Altin, P. A. and Anderson, S. B. and Anderson, W. G. and Arai, K. and Araya, M. C. and Arceneaux, C. C. and Areeda, J. S. and Arnaud, N. and Arun, K. G. and Ascenzi, S. and Ashton, G. and Ast, M. and Aston, S. M. and Astone, P. and Aufmuth, P. and Aulbert, C. and Babak, S. and Bacon, P. and Bader, M. K. M. and Baker, P. T. and Baldaccini, F. and Ballardin, G. and Ballmer, S. W. and Barayoga, J. C. and Barclay, S. E. and Barish, B. C. and Barker, D. and Barone, F. and Barr, B. and Barsotti, L. and Barsuglia, M. and Barta, D. and Bartlett, J. and Bartos, I. and Bassiri, R. and Basti, A. and Batch, J. C. and Baune, C. and Bavigadda, V. and Bazzan, M. and Behnke, B. and Bejger, M. and Belczynski, C. and Bell, A. S. and Bell, C. J. and Berger, B. K. and Bergman, J. and Bergmann, G. and Berry, C. P. L. and Bersanetti, D. and Bertolini, A. and Betzwieser, J. and Bhagwat, S. and Bhandare, R. and Bilenko, I. A. and Billingsley, G. and Birch, J. and Birney, R. and Biscans, S. and Bisht, A. and Bitossi, M. and Biwer, C. and Bizouard, M. A. and Blackburn, J. K. and Blair, C. D. and Blair, D. G. and Blair, R. M. and Bloemen, S. and Bock, O. and Bodiya, T. P. and Boer, M. and Bogaert, G. and Bogan, C. and Bohe, A. and Bojtos, P. and Bond, C. and Bondu, F. and Bonnand, R. and Boom, B. A. and Bork, R. and Boschi, V. and Bose, S. and Bouffanais, Y. and Bozzi, A. and Bradaschia, C. and Brady, P. R. and Braginsky, V. B. and Branchesi, M. and Brau, J. E. and Briant, T. and Brillet, A. and Brinkmann, M. and Brisson, V. and Brockill, P. and Brooks, A. F. and Brown, D. A. and Brown, D. D. and Brown, N. M. and Buchanan, C. C. and Buikema, A. and Bulik, T. and Bulten, H. J. and Buonanno, A. and Buskulic, D. and Buy, C. and Byer, R. L. and Cadonati, L. and Cagnoli, G. and Cahillane, C. and Bustillo, J. Calderón and Callister, T. and Calloni, E. and Camp, J. B. and Cannon, K. C. and Cao, J. and Capano, C. D. and Capocasa, E. and Carbognani, F. and Caride, S. and Diaz, J. Casanueva and Casentini, C. and Caudill, S. and Cavagli{\`{a}}, M. and Cavalier, F. and Cavalieri, R. and Cella, G. and Cepeda, C. and Baiardi, L. Cerboni and Cerretani, G. and Cesarini, E. and Chakraborty, R. and Chalermsongsak, T. and Chamberlin, S. J. and Chan, M. and Chao, S. and Charlton, P. and Chassande-Mottin, E. and Chen, H. Y. and Chen, Y. and Cheng, C. and Chincarini, A. and Chiummo, A. and Cho, H. S. and Cho, M. and Chow, J. H. and Christensen, N. and Chu, Q. and Chua, S. and Chung, S. and Ciani, G. and Clara, F. and Clark, J. A. and Cleva, F. and Coccia, E. and Cohadon, P.-F. and Colla, A. and Collette, C. G. and Cominsky, L. and Constancio Jr., M. and Conte, A. and Conti, L. and Cook, D. and Corbitt, T. R. and Cornish, N. and Corsi, A. and Cortese, S. and Costa, C. A. and Coughlin, M. W. and Coughlin, S. B. and Coulon, J.-P. and Countryman, S. T. and Couvares, P. and Cowan, E. E. and Coward, D. M. and Cowart, M. J. and Coyne, D. C. and Coyne, R. and Craig, K. and Creighton, J. D. E. and Cripe, J. and Crowder, S. G. and Cumming, A. and Cunningham, L. and Cuoco, E. and Canton, T. Dal and Danilishin, S. L. and D’Antonio, S. and Danzmann, K. and Darman, N. S. and Dattilo, V. and Dave, I. and Daveloza, H. P. and Davier, M. and Davies, G. S. and Daw, E. J. and Day, R. and DeBra, D. and Debreczeni, G. and Degallaix, J. and Laurentis, M. De and Del{\'{e}}glise, S. and Pozzo, W. Del and Denker, T. and Dent, T. and Dereli, H. and Dergachev, V. and DeRosa, R. and DeRosa, R. T. and DeSalvo, R. and Dhurandhar, S. and D{\'{i}}az, M. C. and Fiore, L. Di and Giovanni, M. Di and Lieto, A. Di and Pace, S. Di and Palma, I. Di and Virgilio, A. Di and Dojcinoski, G. and Dolique, V. and Donovan, F. and Dooley, K. L. and Doravari, S. and Douglas, R. and Downes, T. P. and Drago, M. and Drever, R. W. P. and Driggers, J. C. and Du, Z. and Ducrot, M. and Dwyer, S. E. and Edo, T. B. and Edwards, M. C. and Effler, A. and Eggenstein, H.-B. and Ehrens, P. and Eichholz, J. and Eikenberry, S. S. and Engels, W. and Essick, R. C. and Etzel, T. and Evans, M. and Evans, T. M. and Everett, R. and Factourovich, M. and Fafone, V. and Fair, H. and Fairhurst, S. and Fan, X. and Fang, Q. and Farinon, S. and Farr, B. and Farr, W. M. and Favata, M. and Fays, M. and Fehrmann, H. and Fejer, M. M. and Ferrante, I. and Ferreira, E. C. and Ferrini, F. and Fidecaro, F. and Fiori, I. and Fiorucci, D. and Fisher, R. P. and Flaminio, R. and Fletcher, M. and Fournier, J.-D. and Franco, S. and Frasca, S. and Frasconi, F. and Frei, Z. and Freise, A. and Frey, R. and Frey, V. and Fricke, T. T. and Fritschel, P. and Frolov, V. V. and Fulda, P. and Fyffe, M. and Gabbard, H. A. G. and Gair, J. R. and Gammaitoni, L. and Gaonkar, S. G. and Garufi, F. and Gatto, A. and Gaur, G. and Gehrels, N. and Gemme, G. and Gendre, B. and Genin, E. and Gennai, A. and George, J. and Gergely, L. and Germain, V. and Ghosh, Archisman and Ghosh, S. and Giaime, J. A. and Giardina, K. D. and Giazotto, A. and Gill, K. and Glaefke, A. and Goetz, E. and Goetz, R. and Gondan, L. and Gonz{\'{a}}lez, G. and Castro, J. M. Gonzalez and Gopakumar, A. and Gordon, N. A. and Gorodetsky, M. L. and Gossan, S. E. and Gosselin, M. and Gouaty, R. and Graef, C. and Graff, P. B. and Granata, M. and Grant, A. and Gras, S. and Gray, C. and Greco, G. and Green, A. C. and Groot, P. and Grote, H. and Grunewald, S. and Guidi, G. M. and Guo, X. and Gupta, A. and Gupta, M. K. and Gushwa, K. E. and Gustafson, E. K. and Gustafson, R. and Hacker, J. J. and Hall, B. R. and Hall, E. D. and Hammond, G. and Haney, M. and Hanke, M. M. and Hanks, J. and Hanna, C. and Hannam, M. D. and Hanson, J. and Hardwick, T. and Harms, J. and Harry, G. M. and Harry, I. W. and Hart, M. J. and Hartman, M. T. and Haster, C.-J. and Haughian, K. and Heidmann, A. and Heintze, M. C. and Heitmann, H. and Hello, P. and Hemming, G. and Hendry, M. and Heng, I. S. and Hennig, J. and Heptonstall, A. W. and Heurs, M. and Hild, S. and Hoak, D. and Hodge, K. A. and Hofman, D. and Hollitt, S. E. and Holt, K. and Holz, D. E. and Hopkins, P. and Hosken, D. J. and Hough, J. and Houston, E. A. and Howell, E. J. and Hu, Y. M. and Huang, S. and Huerta, E. A. and Huet, D. and Hughey, B. and Husa, S. and Huttner, S. H. and Huynh-Dinh, T. and Idrisy, A. and Indik, N. and Ingram, D. R. and Inta, R. and Isa, H. N. and Isac, J.-M. and Isi, M. and Islas, G. and Isogai, T. and Iyer, B. R. and Izumi, K. and Jacqmin, T. and Jang, H. and Jani, K. and Jaranowski, P. and Jawahar, S. and Jim{\'{e}}nez-Forteza, F. and Johnson, W. W. and Jones, D. I. and Jones, R. and Jonker, R. J. G. and Ju, L. and K, Haris and Kalaghatgi, C. V. and Kalogera, V. and Kandhasamy, S. and Kang, G. and Kanner, J. B. and Karki, S. and Kasprzack, M. and Katsavounidis, E. and Katzman, W. and Kaufer, S. and Kaur, T. and Kawabe, K. and Kawazoe, F. and K{\'{e}}f{\'{e}}lian, F. and Kehl, M. S. and Keitel, D. and Kelley, D. B. and Kells, W. and Kennedy, R. and Key, J. S. and Khalaidovski, A. and Khalili, F. Y. and Khan, I. and Khan, S. and Khan, Z. and Khazanov, E. A. and Kijbunchoo, N. and Kim, C. and Kim, J. and Kim, K. and Kim, Nam-Gyu and Kim, Namjun and Kim, Y.-M. and King, E. J. and King, P. J. and Kinzel, D. L. and Kissel, J. S. and Kleybolte, L. and Klimenko, S. and Koehlenbeck, S. M. and Kokeyama, K. and Koley, S. and Kondrashov, V. and Kontos, A. and Korobko, M. and Korth, W. Z. and Kowalska, I. and Kozak, D. B. and Kringel, V. and Krishnan, B. and Kr{\'{o}}lak, A. and Krueger, C. and Kuehn, G. and Kumar, P. and Kuo, L. and Kutynia, A. and Lackey, B. D. and Landry, M. and Lange, J. and Lantz, B. and Lasky, P. D. and Lazzarini, A. and Lazzaro, C. and Leaci, P. and Leavey, S. and Lebigot, E. O. and Lee, C. H. and Lee, H. K. and Lee, H. M. and Lee, K. and Lenon, A. and Leonardi, M. and Leong, J. R. and Leroy, N. and Letendre, N. and Levin, Y. and Levine, B. M. and Li, T. G. F. and Libson, A. and Littenberg, T. B. and Lockerbie, N. A. and Logue, J. and Lombardi, A. L. and Lord, J. E. and Lorenzini, M. and Loriette, V. and Lormand, M. and Losurdo, G. and Lough, J. D. and L{\"{u}}ck, H. and Lundgren, A. P. and Luo, J. and Lynch, R. and Ma, Y. and MacDonald, T. and Machenschalk, B. and MacInnis, M. and Macleod, D. M. and Maga{\~{n}}a-Sandoval, F. and Magee, R. M. and Mageswaran, M. and Majorana, E. and Maksimovic, I. and Malvezzi, V. and Man, N. and Mandel, I. and Mandic, V. and Mangano, V. and Mansell, G. L. and Manske, M. and Mantovani, M. and Marchesoni, F. and Marion, F. and M{\'{a}}rka, S. and M{\'{a}}rka, Z. and Markosyan, A. S. and Maros, E. and Martelli, F. and Martellini, L. and Martin, I. W. and Martin, R. M. and Martynov, D. V. and Marx, J. N. and Mason, K. and Masserot, A. and Massinger, T. J. and Masso-Reid, M. and Matichard, F. and Matone, L. and Mavalvala, N. and Mazumder, N. and Mazzolo, G. and McCarthy, R. and McClelland, D. E. and McCormick, S. and McGuire, S. C. and McIntyre, G. and McIver, J. and McManus, D. J. and McWilliams, S. T. and Meacher, D. and Meadors, G. D. and Meidam, J. and Melatos, A. and Mendell, G. and Mendoza-Gandara, D. and Mercer, R. A. and Merilh, E. and Merzougui, M. and Meshkov, S. and Messenger, C. and Messick, C. and Meyers, P. M. and Mezzani, F. and Miao, H. and Michel, C. and Middleton, H. and Mikhailov, E. E. and Milano, L. and Miller, J. and Millhouse, M. and Minenkov, Y. and Ming, J. and Mirshekari, S. and Mishra, C. and Mitra, S. and Mitrofanov, V. P. and Mitselmakher, G. and Mittleman, R. and Moggi, A. and Mohan, M. and Mohapatra, S. R. P. and Montani, M. and Moore, B. C. and Moore, C. J. and Moraru, D. and Moreno, G. and Morriss, S. R. and Mossavi, K. and Mours, B. and Mow-Lowry, C. M. and Mueller, C. L. and Mueller, G. and Muir, A. W. and Mukherjee, Arunava and Mukherjee, D. and Mukherjee, S. and Mukund, N. and Mullavey, A. and Munch, J. and Murphy, D. J. and Murray, P. G. and Mytidis, A. and Nardecchia, I. and Naticchioni, L. and Nayak, R. K. and Necula, V. and Nedkova, K. and Nelemans, G. and Neri, M. and Neunzert, A. and Newton, G. and Nguyen, T. T. and Nielsen, A. B. and Nissanke, S. and Nitz, A. and Nocera, F. and Nolting, D. and Normandin, M. E. N. and Nuttall, L. K. and Oberling, J. and Ochsner, E. and O’Dell, J. and Oelker, E. and Ogin, G. H. and Oh, J. J. and Oh, S. H. and Ohme, F. and Oliver, M. and Oppermann, P. and Oram, Richard J. and O’Reilly, B. and O’Shaughnessy, R. and Ottaway, D. J. and Ottens, R. S. and Overmier, H. and Owen, B. J. and Pai, A. and Pai, S. A. and Palamos, J. R. and Palashov, O. and Palomba, C. and Pal-Singh, A. and Pan, H. and Pankow, C. and Pannarale, F. and Pant, B. C. and Paoletti, F. and Paoli, A. and Papa, M. A. and Paris, H. R. and Parker, W. and Pascucci, D. and Pasqualetti, A. and Passaquieti, R. and Passuello, D. and Patricelli, B. and Patrick, Z. and Pearlstone, B. L. and Pedraza, M. and Pedurand, R. and Pekowsky, L. and Pele, A. and Penn, S. and Perreca, A. and Phelps, M. and Piccinni, O. and Pichot, M. and Piergiovanni, F. and Pierro, V. and Pillant, G. and Pinard, L. and Pinto, I. M. and Pitkin, M. and Poggiani, R. and Popolizio, P. and Post, A. and Powell, J. and Prasad, J. and Predoi, V. and Premachandra, S. S. and Prestegard, T. and Price, L. R. and Prijatelj, M. and Principe, M. and Privitera, S. and Prix, R. and Prodi, G. A. and Prokhorov, L. and Puncken, O. and Punturo, M. and Puppo, P. and P{\"{u}}rrer, M. and Qi, H. and Qin, J. and Quetschke, V. and Quintero, E. A. and Quitzow-James, R. and Raab, F. J. and Rabeling, D. S. and Radkins, H. and Raffai, P. and Raja, S. and Rakhmanov, M. and Rapagnani, P. and Raymond, V. and Razzano, M. and Re, V. and Read, J. and Reed, C. M. and Regimbau, T. and Rei, L. and Reid, S. and Reitze, D. H. and Rew, H. and Reyes, S. D. and Ricci, F. and Riles, K. and Robertson, N. A. and Robie, R. and Robinet, F. and Rocchi, A. and Rolland, L. and Rollins, J. G. and Roma, V. J. and Romano, J. D. and Romano, R. and Romanov, G. and Romie, J. H. and Rosi{\'{n}}ska, D. and Rowan, S. and R{\"{u}}diger, A. and Ruggi, P. and Ryan, K. and Sachdev, S. and Sadecki, T. and Sadeghian, L. and Salconi, L. and Saleem, M. and Salemi, F. and Samajdar, A. and Sammut, L. and Sanchez, E. J. and Sandberg, V. and Sandeen, B. and Sanders, J. R. and Sassolas, B. and Sathyaprakash, B. S. and Saulson, P. R. and Sauter, O. and Savage, R. L. and Sawadsky, A. and Schale, P. and Schilling, R. and Schmidt, J. and Schmidt, P. and Schnabel, R. and Schofield, R. M. S. and Sch{\"{o}}nbeck, A. and Schreiber, E. and Schuette, D. and Schutz, B. F. and Scott, J. and Scott, S. M. and Sellers, D. and Sentenac, D. and Sequino, V. and Sergeev, A. and Serna, G. and Setyawati, Y. and Sevigny, A. and Shaddock, D. A. and Shah, S. and Shahriar, M. S. and Shaltev, M. and Shao, Z. and Shapiro, B. and Shawhan, P. and Sheperd, A. and Shoemaker, D. H. and Shoemaker, D. M. and Siellez, K. and Siemens, X. and Sigg, D. and Silva, A. D. and Simakov, D. and Singer, A. and Singer, L. P. and Singh, A. and Singh, R. and Singhal, A. and Sintes, A. M. and Slagmolen, B. J. J. and Smith, J. R. and Smith, N. D. and Smith, R. J. E. and Son, E. J. and Sorazu, B. and Sorrentino, F. and Souradeep, T. and Srivastava, A. K. and Staley, A. and Steinke, M. and Steinlechner, J. and Steinlechner, S. and Steinmeyer, D. and Stephens, B. C. and Stevenson, S. P. and Stone, R. and Strain, K. A. and Straniero, N. and Stratta, G. and Strauss, N. A. and Strigin, S. and Sturani, R. and Stuver, A. L. and Summerscales, T. Z. and Sun, L. and Sutton, P. J. and Swinkels, B. L. and Szczepa{\'{n}}czyk, M. J. and Tacca, M. and Talukder, D. and Tanner, D. B. and T{\'{a}}pai, M. and Tarabrin, S. P. and Taracchini, A. and Taylor, R. and Theeg, T. and Thirugnanasambandam, M. P. and Thomas, E. G. and Thomas, M. and Thomas, P. and Thorne, K. A. and Thorne, K. S. and Thrane, E. and Tiwari, S. and Tiwari, V. and Tokmakov, K. V. and Tomlinson, C. and Tonelli, M. and Torres, C. V. and Torrie, C. I. and T{\"{o}}yr{\"{a}}, D. and Travasso, F. and Traylor, G. and Trifir{\`{o}}, D. and Tringali, M. C. and Trozzo, L. and Tse, M. and Turconi, M. and Tuyenbayev, D. and Ugolini, D. and Unnikrishnan, C. S. and Urban, A. L. and Usman, S. A. and Vahlbruch, H. and Vajente, G. and Valdes, G. and Bakel, N. van and Beuzekom, M. van and Brand, J. F. J. van den and Broeck, C. van den and Vander-Hyde, D. C. and Schaaf, L. van der and Heijningen, J. V. van and Veggel, A. A. van and Vardaro, M. and Vass, S. and Vas{\'{u}}th, M. and Vaulin, R. and Vecchio, A. and Vedovato, G. and Veitch, J. and Veitch, P. J. and Venkateswara, K. and Verkindt, D. and Vetrano, F. and Vicer{\'{e}}, A. and Vinciguerra, S. and Vine, D. J. and Vinet, J.-Y. and Vitale, S. and Vo, T. and Vocca, H. and Vorvick, C. and Voss, D. and Vousden, W. D. and Vyatchanin, S. P. and Wade, A. R. and Wade, L. E. and Wade, M. and Walker, M. and Wallace, L. and Walsh, S. and Wang, G. and Wang, H. and Wang, M. and Wang, X. and Wang, Y. and Ward, R. L. and Warner, J. and Was, M. and Weaver, B. and Wei, L.-W. and Weinert, M. and Weinstein, A. J. and Weiss, R. and Welborn, T. and Wen, L. and We{\ss}els, P. and Westphal, T. and Wette, K. and Whelan, J. T. and White, D. J. and Whiting, B. F. and Williams, R. D. and Williamson, A. R. and Willis, J. L. and Willke, B. and Wimmer, M. H. and Winkler, W. and Wipf, C. C. and Wittel, H. and Woan, G. and Worden, J. and Wright, J. L. and Wu, G. and Yablon, J. and Yam, W. and Yamamoto, H. and Yancey, C. C. and Yap, M. J. and Yu, H. and Yvert, M. and Zadro{\.{z}}ny, A. and Zangrando, L. and Zanolin, M. and Zendri, J.-P. and Zevin, M. and Zhang, F. and Zhang, L. and Zhang, M. and Zhang, Y. and Zhao, C. and Zhou, M. and Zhou, Z. and Zhu, X. J. and Zucker, M. E. and Zuraw, S. E. and {and} and Zweizig, J.},
    number = {2},
    month = {2},
    pages = {L22},
    volume = {818},
    doi = {10.3847/2041-8205/818/2/L22},
    issn = {2041-8213}
}

@article{LSC-GW150914-2016b,
    title = {{ASTROPHYSICAL IMPLICATIONS OF THE BINARY BLACK HOLE MERGER GW150914}},
    year = {2016},
    journal = {The Astrophysical Journal},
    author = {Abbott, B. P. and Abbott, R. and Abbott, T. D. and Abernathy, M. R. and Acernese, F. and Ackley, K. and Adams, C. and Adams, T. and Addesso, P. and Adhikari, R. X. and Adya, V. B. and Affeldt, C. and Agathos, M. and Agatsuma, K. and Aggarwal, N. and Aguiar, O. D. and Aiello, L. and Ain, A. and Ajith, P. and Allen, B. and Allocca, A. and Altin, P. A. and Anderson, S. B. and Anderson, W. G. and Arai, K. and Araya, M. C. and Arceneaux, C. C. and Areeda, J. S. and Arnaud, N. and Arun, K. G. and Ascenzi, S. and Ashton, G. and Ast, M. and Aston, S. M. and Astone, P. and Aufmuth, P. and Aulbert, C. and Babak, S. and Bacon, P. and Bader, M. K. M. and Baker, P. T. and Baldaccini, F. and Ballardin, G. and Ballmer, S. W. and Barayoga, J. C. and Barclay, S. E. and Barish, B. C. and Barker, D. and Barone, F. and Barr, B. and Barsotti, L. and Barsuglia, M. and Barta, D. and Bartlett, J. and Bartos, I. and Bassiri, R. and Basti, A. and Batch, J. C. and Baune, C. and Bavigadda, V. and Bazzan, M. and Behnke, B. and Bejger, M. and Belczynski, C. and Bell, A. S. and Bell, C. J. and Berger, B. K. and Bergman, J. and Bergmann, G. and Berry, C. P. L. and Bersanetti, D. and Bertolini, A. and Betzwieser, J. and Bhagwat, S. and Bhandare, R. and Bilenko, I. A. and Billingsley, G. and Birch, J. and Birney, R. and Biscans, S. and Bisht, A. and Bitossi, M. and Biwer, C. and Bizouard, M. A. and Blackburn, J. K. and Blair, C. D. and Blair, D. G. and Blair, R. M. and Bloemen, S. and Bock, O. and Bodiya, T. P. and Boer, M. and Bogaert, G. and Bogan, C. and Bohe, A. and Bojtos, P. and Bond, C. and Bondu, F. and Bonnand, R. and Boom, B. A. and Bork, R. and Boschi, V. and Bose, S. and Bouffanais, Y. and Bozzi, A. and Bradaschia, C. and Brady, P. R. and Braginsky, V. B. and Branchesi, M. and Brau, J. E. and Briant, T. and Brillet, A. and Brinkmann, M. and Brisson, V. and Brockill, P. and Brooks, A. F. and Brown, D. A. and Brown, D. D. and Brown, N. M. and Buchanan, C. C. and Buikema, A. and Bulik, T. and Bulten, H. J. and Buonanno, A. and Buskulic, D. and Buy, C. and Byer, R. L. and Cadonati, L. and Cagnoli, G. and Cahillane, C. and Bustillo, J. Calderón and Callister, T. and Calloni, E. and Camp, J. B. and Cannon, K. C. and Cao, J. and Capano, C. D. and Capocasa, E. and Carbognani, F. and Caride, S. and Diaz, J. Casanueva and Casentini, C. and Caudill, S. and Cavagli{\`{a}}, M. and Cavalier, F. and Cavalieri, R. and Cella, G. and Cepeda, C. and Baiardi, L. Cerboni and Cerretani, G. and Cesarini, E. and Chakraborty, R. and Chalermsongsak, T. and Chamberlin, S. J. and Chan, M. and Chao, S. and Charlton, P. and Chassande-Mottin, E. and Chen, H. Y. and Chen, Y. and Cheng, C. and Chincarini, A. and Chiummo, A. and Cho, H. S. and Cho, M. and Chow, J. H. and Christensen, N. and Chu, Q. and Chua, S. and Chung, S. and Ciani, G. and Clara, F. and Clark, J. A. and Cleva, F. and Coccia, E. and Cohadon, P.-F. and Colla, A. and Collette, C. G. and Cominsky, L. and Constancio Jr., M. and Conte, A. and Conti, L. and Cook, D. and Corbitt, T. R. and Cornish, N. and Corsi, A. and Cortese, S. and Costa, C. A. and Coughlin, M. W. and Coughlin, S. B. and Coulon, J.-P. and Countryman, S. T. and Couvares, P. and Cowan, E. E. and Coward, D. M. and Cowart, M. J. and Coyne, D. C. and Coyne, R. and Craig, K. and Creighton, J. D. E. and Cripe, J. and Crowder, S. G. and Cumming, A. and Cunningham, L. and Cuoco, E. and Canton, T. Dal and Danilishin, S. L. and D’Antonio, S. and Danzmann, K. and Darman, N. S. and Dattilo, V. and Dave, I. and Daveloza, H. P. and Davier, M. and Davies, G. S. and Daw, E. J. and Day, R. and DeBra, D. and Debreczeni, G. and Degallaix, J. and Laurentis, M. De and Del{\'{e}}glise, S. and Pozzo, W. Del and Denker, T. and Dent, T. and Dereli, H. and Dergachev, V. and DeRosa, R. and DeRosa, R. T. and DeSalvo, R. and Dhurandhar, S. and D{\'{i}}az, M. C. and Fiore, L. Di and Giovanni, M. Di and Lieto, A. Di and Pace, S. Di and Palma, I. Di and Virgilio, A. Di and Dojcinoski, G. and Dolique, V. and Donovan, F. and Dooley, K. L. and Doravari, S. and Douglas, R. and Downes, T. P. and Drago, M. and Drever, R. W. P. and Driggers, J. C. and Du, Z. and Ducrot, M. and Dwyer, S. E. and Edo, T. B. and Edwards, M. C. and Effler, A. and Eggenstein, H.-B. and Ehrens, P. and Eichholz, J. and Eikenberry, S. S. and Engels, W. and Essick, R. C. and Etzel, T. and Evans, M. and Evans, T. M. and Everett, R. and Factourovich, M. and Fafone, V. and Fair, H. and Fairhurst, S. and Fan, X. and Fang, Q. and Farinon, S. and Farr, B. and Farr, W. M. and Favata, M. and Fays, M. and Fehrmann, H. and Fejer, M. M. and Ferrante, I. and Ferreira, E. C. and Ferrini, F. and Fidecaro, F. and Fiori, I. and Fiorucci, D. and Fisher, R. P. and Flaminio, R. and Fletcher, M. and Fournier, J.-D. and Franco, S. and Frasca, S. and Frasconi, F. and Frei, Z. and Freise, A. and Frey, R. and Frey, V. and Fricke, T. T. and Fritschel, P. and Frolov, V. V. and Fulda, P. and Fyffe, M. and Gabbard, H. A. G. and Gair, J. R. and Gammaitoni, L. and Gaonkar, S. G. and Garufi, F. and Gatto, A. and Gaur, G. and Gehrels, N. and Gemme, G. and Gendre, B. and Genin, E. and Gennai, A. and George, J. and Gergely, L. and Germain, V. and Ghosh, Archisman and Ghosh, S. and Giaime, J. A. and Giardina, K. D. and Giazotto, A. and Gill, K. and Glaefke, A. and Goetz, E. and Goetz, R. and Gondan, L. and Gonz{\'{a}}lez, G. and Castro, J. M. Gonzalez and Gopakumar, A. and Gordon, N. A. and Gorodetsky, M. L. and Gossan, S. E. and Gosselin, M. and Gouaty, R. and Graef, C. and Graff, P. B. and Granata, M. and Grant, A. and Gras, S. and Gray, C. and Greco, G. and Green, A. C. and Groot, P. and Grote, H. and Grunewald, S. and Guidi, G. M. and Guo, X. and Gupta, A. and Gupta, M. K. and Gushwa, K. E. and Gustafson, E. K. and Gustafson, R. and Hacker, J. J. and Hall, B. R. and Hall, E. D. and Hammond, G. and Haney, M. and Hanke, M. M. and Hanks, J. and Hanna, C. and Hannam, M. D. and Hanson, J. and Hardwick, T. and Harms, J. and Harry, G. M. and Harry, I. W. and Hart, M. J. and Hartman, M. T. and Haster, C.-J. and Haughian, K. and Heidmann, A. and Heintze, M. C. and Heitmann, H. and Hello, P. and Hemming, G. and Hendry, M. and Heng, I. S. and Hennig, J. and Heptonstall, A. W. and Heurs, M. and Hild, S. and Hoak, D. and Hodge, K. A. and Hofman, D. and Hollitt, S. E. and Holt, K. and Holz, D. E. and Hopkins, P. and Hosken, D. J. and Hough, J. and Houston, E. A. and Howell, E. J. and Hu, Y. M. and Huang, S. and Huerta, E. A. and Huet, D. and Hughey, B. and Husa, S. and Huttner, S. H. and Huynh-Dinh, T. and Idrisy, A. and Indik, N. and Ingram, D. R. and Inta, R. and Isa, H. N. and Isac, J.-M. and Isi, M. and Islas, G. and Isogai, T. and Iyer, B. R. and Izumi, K. and Jacqmin, T. and Jang, H. and Jani, K. and Jaranowski, P. and Jawahar, S. and Jim{\'{e}}nez-Forteza, F. and Johnson, W. W. and Jones, D. I. and Jones, R. and Jonker, R. J. G. and Ju, L. and K, Haris and Kalaghatgi, C. V. and Kalogera, V. and Kandhasamy, S. and Kang, G. and Kanner, J. B. and Karki, S. and Kasprzack, M. and Katsavounidis, E. and Katzman, W. and Kaufer, S. and Kaur, T. and Kawabe, K. and Kawazoe, F. and K{\'{e}}f{\'{e}}lian, F. and Kehl, M. S. and Keitel, D. and Kelley, D. B. and Kells, W. and Kennedy, R. and Key, J. S. and Khalaidovski, A. and Khalili, F. Y. and Khan, I. and Khan, S. and Khan, Z. and Khazanov, E. A. and Kijbunchoo, N. and Kim, C. and Kim, J. and Kim, K. and Kim, Nam-Gyu and Kim, Namjun and Kim, Y.-M. and King, E. J. and King, P. J. and Kinzel, D. L. and Kissel, J. S. and Kleybolte, L. and Klimenko, S. and Koehlenbeck, S. M. and Kokeyama, K. and Koley, S. and Kondrashov, V. and Kontos, A. and Korobko, M. and Korth, W. Z. and Kowalska, I. and Kozak, D. B. and Kringel, V. and Krishnan, B. and Kr{\'{o}}lak, A. and Krueger, C. and Kuehn, G. and Kumar, P. and Kuo, L. and Kutynia, A. and Lackey, B. D. and Landry, M. and Lange, J. and Lantz, B. and Lasky, P. D. and Lazzarini, A. and Lazzaro, C. and Leaci, P. and Leavey, S. and Lebigot, E. O. and Lee, C. H. and Lee, H. K. and Lee, H. M. and Lee, K. and Lenon, A. and Leonardi, M. and Leong, J. R. and Leroy, N. and Letendre, N. and Levin, Y. and Levine, B. M. and Li, T. G. F. and Libson, A. and Littenberg, T. B. and Lockerbie, N. A. and Logue, J. and Lombardi, A. L. and Lord, J. E. and Lorenzini, M. and Loriette, V. and Lormand, M. and Losurdo, G. and Lough, J. D. and L{\"{u}}ck, H. and Lundgren, A. P. and Luo, J. and Lynch, R. and Ma, Y. and MacDonald, T. and Machenschalk, B. and MacInnis, M. and Macleod, D. M. and Maga{\~{n}}a-Sandoval, F. and Magee, R. M. and Mageswaran, M. and Majorana, E. and Maksimovic, I. and Malvezzi, V. and Man, N. and Mandel, I. and Mandic, V. and Mangano, V. and Mansell, G. L. and Manske, M. and Mantovani, M. and Marchesoni, F. and Marion, F. and M{\'{a}}rka, S. and M{\'{a}}rka, Z. and Markosyan, A. S. and Maros, E. and Martelli, F. and Martellini, L. and Martin, I. W. and Martin, R. M. and Martynov, D. V. and Marx, J. N. and Mason, K. and Masserot, A. and Massinger, T. J. and Masso-Reid, M. and Matichard, F. and Matone, L. and Mavalvala, N. and Mazumder, N. and Mazzolo, G. and McCarthy, R. and McClelland, D. E. and McCormick, S. and McGuire, S. C. and McIntyre, G. and McIver, J. and McManus, D. J. and McWilliams, S. T. and Meacher, D. and Meadors, G. D. and Meidam, J. and Melatos, A. and Mendell, G. and Mendoza-Gandara, D. and Mercer, R. A. and Merilh, E. and Merzougui, M. and Meshkov, S. and Messenger, C. and Messick, C. and Meyers, P. M. and Mezzani, F. and Miao, H. and Michel, C. and Middleton, H. and Mikhailov, E. E. and Milano, L. and Miller, J. and Millhouse, M. and Minenkov, Y. and Ming, J. and Mirshekari, S. and Mishra, C. and Mitra, S. and Mitrofanov, V. P. and Mitselmakher, G. and Mittleman, R. and Moggi, A. and Mohan, M. and Mohapatra, S. R. P. and Montani, M. and Moore, B. C. and Moore, C. J. and Moraru, D. and Moreno, G. and Morriss, S. R. and Mossavi, K. and Mours, B. and Mow-Lowry, C. M. and Mueller, C. L. and Mueller, G. and Muir, A. W. and Mukherjee, Arunava and Mukherjee, D. and Mukherjee, S. and Mukund, N. and Mullavey, A. and Munch, J. and Murphy, D. J. and Murray, P. G. and Mytidis, A. and Nardecchia, I. and Naticchioni, L. and Nayak, R. K. and Necula, V. and Nedkova, K. and Nelemans, G. and Neri, M. and Neunzert, A. and Newton, G. and Nguyen, T. T. and Nielsen, A. B. and Nissanke, S. and Nitz, A. and Nocera, F. and Nolting, D. and Normandin, M. E. N. and Nuttall, L. K. and Oberling, J. and Ochsner, E. and O’Dell, J. and Oelker, E. and Ogin, G. H. and Oh, J. J. and Oh, S. H. and Ohme, F. and Oliver, M. and Oppermann, P. and Oram, Richard J. and O’Reilly, B. and O’Shaughnessy, R. and Ottaway, D. J. and Ottens, R. S. and Overmier, H. and Owen, B. J. and Pai, A. and Pai, S. A. and Palamos, J. R. and Palashov, O. and Palomba, C. and Pal-Singh, A. and Pan, H. and Pankow, C. and Pannarale, F. and Pant, B. C. and Paoletti, F. and Paoli, A. and Papa, M. A. and Paris, H. R. and Parker, W. and Pascucci, D. and Pasqualetti, A. and Passaquieti, R. and Passuello, D. and Patricelli, B. and Patrick, Z. and Pearlstone, B. L. and Pedraza, M. and Pedurand, R. and Pekowsky, L. and Pele, A. and Penn, S. and Perreca, A. and Phelps, M. and Piccinni, O. and Pichot, M. and Piergiovanni, F. and Pierro, V. and Pillant, G. and Pinard, L. and Pinto, I. M. and Pitkin, M. and Poggiani, R. and Popolizio, P. and Post, A. and Powell, J. and Prasad, J. and Predoi, V. and Premachandra, S. S. and Prestegard, T. and Price, L. R. and Prijatelj, M. and Principe, M. and Privitera, S. and Prix, R. and Prodi, G. A. and Prokhorov, L. and Puncken, O. and Punturo, M. and Puppo, P. and P{\"{u}}rrer, M. and Qi, H. and Qin, J. and Quetschke, V. and Quintero, E. A. and Quitzow-James, R. and Raab, F. J. and Rabeling, D. S. and Radkins, H. and Raffai, P. and Raja, S. and Rakhmanov, M. and Rapagnani, P. and Raymond, V. and Razzano, M. and Re, V. and Read, J. and Reed, C. M. and Regimbau, T. and Rei, L. and Reid, S. and Reitze, D. H. and Rew, H. and Reyes, S. D. and Ricci, F. and Riles, K. and Robertson, N. A. and Robie, R. and Robinet, F. and Rocchi, A. and Rolland, L. and Rollins, J. G. and Roma, V. J. and Romano, J. D. and Romano, R. and Romanov, G. and Romie, J. H. and Rosi{\'{n}}ska, D. and Rowan, S. and R{\"{u}}diger, A. and Ruggi, P. and Ryan, K. and Sachdev, S. and Sadecki, T. and Sadeghian, L. and Salconi, L. and Saleem, M. and Salemi, F. and Samajdar, A. and Sammut, L. and Sanchez, E. J. and Sandberg, V. and Sandeen, B. and Sanders, J. R. and Sassolas, B. and Sathyaprakash, B. S. and Saulson, P. R. and Sauter, O. and Savage, R. L. and Sawadsky, A. and Schale, P. and Schilling, R. and Schmidt, J. and Schmidt, P. and Schnabel, R. and Schofield, R. M. S. and Sch{\"{o}}nbeck, A. and Schreiber, E. and Schuette, D. and Schutz, B. F. and Scott, J. and Scott, S. M. and Sellers, D. and Sentenac, D. and Sequino, V. and Sergeev, A. and Serna, G. and Setyawati, Y. and Sevigny, A. and Shaddock, D. A. and Shah, S. and Shahriar, M. S. and Shaltev, M. and Shao, Z. and Shapiro, B. and Shawhan, P. and Sheperd, A. and Shoemaker, D. H. and Shoemaker, D. M. and Siellez, K. and Siemens, X. and Sigg, D. and Silva, A. D. and Simakov, D. and Singer, A. and Singer, L. P. and Singh, A. and Singh, R. and Singhal, A. and Sintes, A. M. and Slagmolen, B. J. J. and Smith, J. R. and Smith, N. D. and Smith, R. J. E. and Son, E. J. and Sorazu, B. and Sorrentino, F. and Souradeep, T. and Srivastava, A. K. and Staley, A. and Steinke, M. and Steinlechner, J. and Steinlechner, S. and Steinmeyer, D. and Stephens, B. C. and Stevenson, S. P. and Stone, R. and Strain, K. A. and Straniero, N. and Stratta, G. and Strauss, N. A. and Strigin, S. and Sturani, R. and Stuver, A. L. and Summerscales, T. Z. and Sun, L. and Sutton, P. J. and Swinkels, B. L. and Szczepa{\'{n}}czyk, M. J. and Tacca, M. and Talukder, D. and Tanner, D. B. and T{\'{a}}pai, M. and Tarabrin, S. P. and Taracchini, A. and Taylor, R. and Theeg, T. and Thirugnanasambandam, M. P. and Thomas, E. G. and Thomas, M. and Thomas, P. and Thorne, K. A. and Thorne, K. S. and Thrane, E. and Tiwari, S. and Tiwari, V. and Tokmakov, K. V. and Tomlinson, C. and Tonelli, M. and Torres, C. V. and Torrie, C. I. and T{\"{o}}yr{\"{a}}, D. and Travasso, F. and Traylor, G. and Trifir{\`{o}}, D. and Tringali, M. C. and Trozzo, L. and Tse, M. and Turconi, M. and Tuyenbayev, D. and Ugolini, D. and Unnikrishnan, C. S. and Urban, A. L. and Usman, S. A. and Vahlbruch, H. and Vajente, G. and Valdes, G. and Bakel, N. van and Beuzekom, M. van and Brand, J. F. J. van den and Broeck, C. van den and Vander-Hyde, D. C. and Schaaf, L. van der and Heijningen, J. V. van and Veggel, A. A. van and Vardaro, M. and Vass, S. and Vas{\'{u}}th, M. and Vaulin, R. and Vecchio, A. and Vedovato, G. and Veitch, J. and Veitch, P. J. and Venkateswara, K. and Verkindt, D. and Vetrano, F. and Vicer{\'{e}}, A. and Vinciguerra, S. and Vine, D. J. and Vinet, J.-Y. and Vitale, S. and Vo, T. and Vocca, H. and Vorvick, C. and Voss, D. and Vousden, W. D. and Vyatchanin, S. P. and Wade, A. R. and Wade, L. E. and Wade, M. and Walker, M. and Wallace, L. and Walsh, S. and Wang, G. and Wang, H. and Wang, M. and Wang, X. and Wang, Y. and Ward, R. L. and Warner, J. and Was, M. and Weaver, B. and Wei, L.-W. and Weinert, M. and Weinstein, A. J. and Weiss, R. and Welborn, T. and Wen, L. and We{\ss}els, P. and Westphal, T. and Wette, K. and Whelan, J. T. and White, D. J. and Whiting, B. F. and Williams, R. D. and Williamson, A. R. and Willis, J. L. and Willke, B. and Wimmer, M. H. and Winkler, W. and Wipf, C. C. and Wittel, H. and Woan, G. and Worden, J. and Wright, J. L. and Wu, G. and Yablon, J. and Yam, W. and Yamamoto, H. and Yancey, C. C. and Yap, M. J. and Yu, H. and Yvert, M. and Zadro{\.{z}}ny, A. and Zangrando, L. and Zanolin, M. and Zendri, J.-P. and Zevin, M. and Zhang, F. and Zhang, L. and Zhang, M. and Zhang, Y. and Zhao, C. and Zhou, M. and Zhou, Z. and Zhu, X. J. and Zucker, M. E. and Zuraw, S. E. and {and} and Zweizig, J.},
    number = {2},
    month = {2},
    pages = {L22},
    volume = {818},
    doi = {10.3847/2041-8205/818/2/L22},
    issn = {2041-8213}
}

@article{2016PRXAbbot_BBH_model,
    title = {{Binary Black Hole Mergers in the First Advanced LIGO Observing Run}},
    year = {2016},
    journal = {Physical Review X},
    author = {Abbott, B. P. and Abbott, R. and Abbott, T. D. and Abernathy, M. R. and Acernese, F. and Ackley, K. and Adams, C. and Adams, T. and Addesso, P. and Adhikari, R. X. and Adya, V. B. and Affeldt, C. and Agathos, M. and Agatsuma, K. and Aggarwal, N. and Aguiar, O. D. and Aiello, L. and Ain, A. and Ajith, P. and Allen, B. and Allocca, A. and Altin, P. A. and Anderson, S. B. and Anderson, W. G. and Arai, K. and Araya, M. C. and Arceneaux, C. C. and Areeda, J. S. and Arnaud, N. and Arun, K. G. and Ascenzi, S. and Ashton, G. and Ast, M. and Aston, S. M. and Astone, P. and Aufmuth, P. and Aulbert, C. and Babak, S. and Bacon, P. and Bader, M. K. M. and Baker, P. T. and Baldaccini, F. and Ballardin, G. and Ballmer, S. W. and Barayoga, J. C. and Barclay, S. E. and Barish, B. C. and Barker, D. and Barone, F. and Barr, B. and Barsotti, L. and Barsuglia, M. and Barta, D. and Bartlett, J. and Bartos, I. and Bassiri, R. and Basti, A. and Batch, J. C. and Baune, C. and Bavigadda, V. and Bazzan, M. and Bejger, M. and Bell, A. S. and Berger, B. K. and Bergmann, G. and Berry, C. P. L. and Bersanetti, D. and Bertolini, A. and Betzwieser, J. and Bhagwat, S. and Bhandare, R. and Bilenko, I. A. and Billingsley, G. and Birch, J. and Birney, R. and Birnholtz, O. and Biscans, S. and Bisht, A. and Bitossi, M. and Biwer, C. and Bizouard, M. A. and Blackburn, J. K. and Blair, C. D. and Blair, D. G. and Blair, R. M. and Bloemen, S. and Bock, O. and Boer, M. and Bogaert, G. and Bogan, C. and Bohe, A. and Bond, C. and Bondu, F. and Bonnand, R. and Boom, B. A. and Bork, R. and Boschi, V. and Bose, S. and Bouffanais, Y. and Bozzi, A. and Bradaschia, C. and Brady, P. R. and Braginsky, V. B. and Branchesi, M. and Brau, J. E. and Briant, T. and Brillet, A. and Brinkmann, M. and Brisson, V. and Brockill, P. and Broida, J. E. and Brooks, A. F. and Brown, D. A. and Brown, D. D. and Brown, N. M. and Brunett, S. and Buchanan, C. C. and Buikema, A. and Bulik, T. and Bulten, H. J. and Buonanno, A. and Buskulic, D. and Buy, C. and Byer, R. L. and Cabero, M. and Cadonati, L. and Cagnoli, G. and Cahillane, C. and Calder{\'{o}}n Bustillo, J. and Callister, T. and Calloni, E. and Camp, J. B. and Cannon, K. C. and Cao, J. and Capano, C. D. and Capocasa, E. and Carbognani, F. and Caride, S. and Casanueva Diaz, J. and Casentini, C. and Caudill, S. and Cavagli{\`{a}}, M. and Cavalier, F. and Cavalieri, R. and Cella, G. and Cepeda, C. B. and Cerboni Baiardi, L. and Cerretani, G. and Cesarini, E. and Chamberlin, S. J. and Chan, M. and Chao, S. and Charlton, P. and Chassande-Mottin, E. and Cheeseboro, B. D. and Chen, H. Y. and Chen, Y. and Cheng, C. and Chincarini, A. and Chiummo, A. and Cho, H. S. and Cho, M. and Chow, J. H. and Christensen, N. and Chu, Q. and Chua, S. and Chung, S. and Ciani, G. and Clara, F. and Clark, J. A. and Cleva, F. and Coccia, E. and Cohadon, P.-F. and Colla, A. and Collette, C. G. and Cominsky, L. and Constancio, M. and Conte, A. and Conti, L. and Cook, D. and Corbitt, T. R. and Cornish, N. and Corsi, A. and Cortese, S. and Costa, C. A. and Coughlin, M. W. and Coughlin, S. B. and Coulon, J.-P. and Countryman, S. T. and Couvares, P. and Cowan, E. E. and Coward, D. M. and Cowart, M. J. and Coyne, D. C. and Coyne, R. and Craig, K. and Creighton, J. D. E. and Cripe, J. and Crowder, S. G. and Cumming, A. and Cunningham, L. and Cuoco, E. and Dal Canton, T. and Danilishin, S. L. and D’Antonio, S. and Danzmann, K. and Darman, N. S. and Dasgupta, A. and Da Silva Costa, C. F. and Dattilo, V. and Dave, I. and Davier, M. and Davies, G. S. and Daw, E. J. and Day, R. and De, S. and DeBra, D. and Debreczeni, G. and Degallaix, J. and De Laurentis, M. and Del{\'{e}}glise, S. and Del Pozzo, W. and Denker, T. and Dent, T. and Dergachev, V. and De Rosa, R. and DeRosa, R. T. and DeSalvo, R. and Devine, R. C. and Dhurandhar, S. and D{\'{i}}az, M. C. and Di Fiore, L. and Di Giovanni, M. and Di Girolamo, T. and Di Lieto, A. and Di Pace, S. and Di Palma, I. and Di Virgilio, A. and Dolique, V. and Donovan, F. and Dooley, K. L. and Doravari, S. and Douglas, R. and Downes, T. P. and Drago, M. and Drever, R. W. P. and Driggers, J. C. and Ducrot, M. and Dwyer, S. E. and Edo, T. B. and Edwards, M. C. and Effler, A. and Eggenstein, H.-B. and Ehrens, P. and Eichholz, J. and Eikenberry, S. S. and Engels, W. and Essick, R. C. and Etzel, T. and Evans, M. and Evans, T. M. and Everett, R. and Factourovich, M. and Fafone, V. and Fair, H. and Fairhurst, S. and Fan, X. and Fang, Q. and Farinon, S. and Farr, B. and Farr, W. M. and Favata, M. and Fays, M. and Fehrmann, H. and Fejer, M. M. and Fenyvesi, E. and Ferrante, I. and Ferreira, E. C. and Ferrini, F. and Fidecaro, F. and Fiori, I. and Fiorucci, D. and Fisher, R. P. and Flaminio, R. and Fletcher, M. and Fong, H. and Fournier, J.-D. and Frasca, S. and Frasconi, F. and Frei, Z. and Freise, A. and Frey, R. and Frey, V. and Fritschel, P. and Frolov, V. V. and Fulda, P. and Fyffe, M. and Gabbard, H. A. G. and Gaebel, S. and Gair, J. R. and Gammaitoni, L. and Gaonkar, S. G. and Garufi, F. and Gaur, G. and Gehrels, N. and Gemme, G. and Geng, P. and Genin, E. and Gennai, A. and George, J. and Gergely, L. and Germain, V. and Ghosh, Abhirup and Ghosh, Archisman and Ghosh, S. and Giaime, J. A. and Giardina, K. D. and Giazotto, A. and Gill, K. and Glaefke, A. and Goetz, E. and Goetz, R. and Gondan, L. and Gonz{\'{a}}lez, G. and Gonzalez Castro, J. M. and Gopakumar, A. and Gordon, N. A. and Gorodetsky, M. L. and Gossan, S. E. and Gosselin, M. and Gouaty, R. and Grado, A. and Graef, C. and Graff, P. B. and Granata, M. and Grant, A. and Gras, S. and Gray, C. and Greco, G. and Green, A. C. and Groot, P. and Grote, H. and Grunewald, S. and Guidi, G. M. and Guo, X. and Gupta, A. and Gupta, M. K. and Gushwa, K. E. and Gustafson, E. K. and Gustafson, R. and Hacker, J. J. and Hall, B. R. and Hall, E. D. and Hamilton, H. and Hammond, G. and Haney, M. and Hanke, M. M. and Hanks, J. and Hanna, C. and Hannam, M. D. and Hanson, J. and Hardwick, T. and Harms, J. and Harry, G. M. and Harry, I. W. and Hart, M. J. and Hartman, M. T. and Haster, C.-J. and Haughian, K. and Healy, J. and Heidmann, A. and Heintze, M. C. and Heitmann, H. and Hello, P. and Hemming, G. and Hendry, M. and Heng, I. S. and Hennig, J. and Henry, J. and Heptonstall, A. W. and Heurs, M. and Hild, S. and Hoak, D. and Hofman, D. and Holt, K. and Holz, D. E. and Hopkins, P. and Hough, J. and Houston, E. A. and Howell, E. J. and Hu, Y. M. and Huang, S. and Huerta, E. A. and Huet, D. and Hughey, B. and Husa, S. and Huttner, S. H. and Huynh-Dinh, T. and Indik, N. and Ingram, D. R. and Inta, R. and Isa, H. N. and Isac, J.-M. and Isi, M. and Isogai, T. and Iyer, B. R. and Izumi, K. and Jacqmin, T. and Jang, H. and Jani, K. and Jaranowski, P. and Jawahar, S. and Jian, L. and Jim{\'{e}}nez-Forteza, F. and Johnson, W. W. and Johnson-McDaniel, N. K. and Jones, D. I. and Jones, R. and Jonker, R. J. G. and Ju, L. and K, Haris and Kalaghatgi, C. V. and Kalogera, V. and Kandhasamy, S. and Kang, G. and Kanner, J. B. and Kapadia, S. J. and Karki, S. and Karvinen, K. S. and Kasprzack, M. and Katsavounidis, E. and Katzman, W. and Kaufer, S. and Kaur, T. and Kawabe, K. and K{\'{e}}f{\'{e}}lian, F. and Kehl, M. S. and Keitel, D. and Kelley, D. B. and Kells, W. and Kennedy, R. and Key, J. S. and Khalili, F. Y. and Khan, I. and Khan, S. and Khan, Z. and Khazanov, E. A. and Kijbunchoo, N. and Kim, Chi-Woong and Kim, Chunglee and Kim, J. and Kim, K. and Kim, N. and Kim, W. and Kim, Y.-M. and Kimbrell, S. J. and King, E. J. and King, P. J. and Kissel, J. S. and Klein, B. and Kleybolte, L. and Klimenko, S. and Koehlenbeck, S. M. and Koley, S. and Kondrashov, V. and Kontos, A. and Korobko, M. and Korth, W. Z. and Kowalska, I. and Kozak, D. B. and Kringel, V. and Krishnan, B. and Kr{\'{o}}lak, A. and Krueger, C. and Kuehn, G. and Kumar, P. and Kumar, R. and Kuo, L. and Kutynia, A. and Lackey, B. D. and Landry, M. and Lange, J. and Lantz, B. and Lasky, P. D. and Laxen, M. and Lazzarini, A. and Lazzaro, C. and Leaci, P. and Leavey, S. and Lebigot, E. O. and Lee, C. H. and Lee, H. K. and Lee, H. M. and Lee, K. and Lenon, A. and Leonardi, M. and Leong, J. R. and Leroy, N. and Letendre, N. and Levin, Y. and Lewis, J. B. and Li, T. G. F. and Libson, A. and Littenberg, T. B. and Lockerbie, N. A. and Lombardi, A. L. and London, L. T. and Lord, J. E. and Lorenzini, M. and Loriette, V. and Lormand, M. and Losurdo, G. and Lough, J. D. and Lousto, C. and L{\"{u}}ck, H. and Lundgren, A. P. and Lynch, R. and Ma, Y. and Machenschalk, B. and MacInnis, M. and Macleod, D. M. and Maga{\~{n}}a-Sandoval, F. and Maga{\~{n}}a Zertuche, L. and Magee, R. M. and Majorana, E. and Maksimovic, I. and Malvezzi, V. and Man, N. and Mandel, I. and Mandic, V. and Mangano, V. and Mansell, G. L. and Manske, M. and Mantovani, M. and Marchesoni, F. and Marion, F. and M{\'{a}}rka, S. and M{\'{a}}rka, Z. and Markosyan, A. S. and Maros, E. and Martelli, F. and Martellini, L. and Martin, I. W. and Martynov, D. V. and Marx, J. N. and Mason, K. and Masserot, A. and Massinger, T. J. and Masso-Reid, M. and Mastrogiovanni, S. and Matichard, F. and Matone, L. and Mavalvala, N. and Mazumder, N. and McCarthy, R. and McClelland, D. E. and McCormick, S. and McGuire, S. C. and McIntyre, G. and McIver, J. and McManus, D. J. and McRae, T. and McWilliams, S. T. and Meacher, D. and Meadors, G. D. and Meidam, J. and Melatos, A. and Mendell, G. and Mercer, R. A. and Merilh, E. L. and Merzougui, M. and Meshkov, S. and Messenger, C. and Messick, C. and Metzdorff, R. and Meyers, P. M. and Mezzani, F. and Miao, H. and Michel, C. and Middleton, H. and Mikhailov, E. E. and Milano, L. and Miller, A. L. and Miller, A. and Miller, B. B. and Miller, J. and Millhouse, M. and Minenkov, Y. and Ming, J. and Mirshekari, S. and Mishra, C. and Mitra, S. and Mitrofanov, V. P. and Mitselmakher, G. and Mittleman, R. and Moggi, A. and Mohan, M. and Mohapatra, S. R. P. and Montani, M. and Moore, B. C. and Moore, C. J. and Moraru, D. and Moreno, G. and Morriss, S. R. and Mossavi, K. and Mours, B. and Mow-Lowry, C. M. and Mueller, G. and Muir, A. W. and Mukherjee, Arunava and Mukherjee, D. and Mukherjee, S. and Mukund, N. and Mullavey, A. and Munch, J. and Murphy, D. J. and Murray, P. G. and Mytidis, A. and Nardecchia, I. and Naticchioni, L. and Nayak, R. K. and Nedkova, K. and Nelemans, G. and Nelson, T. J. N. and Neri, M. and Neunzert, A. and Newton, G. and Nguyen, T. T. and Nielsen, A. B. and Nissanke, S. and Nitz, A. and Nocera, F. and Nolting, D. and Normandin, M. E. N. and Nuttall, L. K. and Oberling, J. and Ochsner, E. and O’Dell, J. and Oelker, E. and Ogin, G. H. and Oh, J. J. and Oh, S. H. and Ohme, F. and Oliver, M. and Oppermann, P. and Oram, Richard J. and O’Reilly, B. and O’Shaughnessy, R. and Ottaway, D. J. and Overmier, H. and Owen, B. J. and Pai, A. and Pai, S. A. and Palamos, J. R. and Palashov, O. and Palomba, C. and Pal-Singh, A. and Pan, H. and Pan, Y. and Pankow, C. and Pannarale, F. and Pant, B. C. and Paoletti, F. and Paoli, A. and Papa, M. A. and Paris, H. R. and Parker, W. and Pascucci, D. and Pasqualetti, A. and Passaquieti, R. and Passuello, D. and Patricelli, B. and Patrick, Z. and Pearlstone, B. L. and Pedraza, M. and Pedurand, R. and Pekowsky, L. and Pele, A. and Penn, S. and Perreca, A. and Perri, L. M. and Pfeiffer, H. P. and Phelps, M. and Piccinni, O. J. and Pichot, M. and Piergiovanni, F. and Pierro, V. and Pillant, G. and Pinard, L. and Pinto, I. M. and Pitkin, M. and Poe, M. and Poggiani, R. and Popolizio, P. and Porter, E. and Post, A. and Powell, J. and Prasad, J. and Predoi, V. and Prestegard, T. and Price, L. R. and Prijatelj, M. and Principe, M. and Privitera, S. and Prix, R. and Prodi, G. A. and Prokhorov, L. and Puncken, O. and Punturo, M. and Puppo, P. and P{\"{u}}rrer, M. and Qi, H. and Qin, J. and Qiu, S. and Quetschke, V. and Quintero, E. A. and Quitzow-James, R. and Raab, F. J. and Rabeling, D. S. and Radkins, H. and Raffai, P. and Raja, S. and Rajan, C. and Rakhmanov, M. and Rapagnani, P. and Raymond, V. and Razzano, M. and Re, V. and Read, J. and Reed, C. M. and Regimbau, T. and Rei, L. and Reid, S. and Reitze, D. H. and Rew, H. and Reyes, S. D. and Ricci, F. and Riles, K. and Rizzo, M. and Robertson, N. A. and Robie, R. and Robinet, F. and Rocchi, A. and Rolland, L. and Rollins, J. G. and Roma, V. J. and Romano, J. D. and Romano, R. and Romanov, G. and Romie, J. H. and Rosi{\'{n}}ska, D. and Rowan, S. and R{\"{u}}diger, A. and Ruggi, P. and Ryan, K. and Sachdev, S. and Sadecki, T. and Sadeghian, L. and Sakellariadou, M. and Salconi, L. and Saleem, M. and Salemi, F. and Samajdar, A. and Sammut, L. and Sanchez, E. J. and Sandberg, V. and Sandeen, B. and Sanders, J. R. and Sassolas, B. and Sathyaprakash, B. S. and Saulson, P. R. and Sauter, O. E. S. and Savage, R. L. and Sawadsky, A. and Schale, P. and Schilling, R. and Schmidt, J. and Schmidt, P. and Schnabel, R. and Schofield, R. M. S. and Sch{\"{o}}nbeck, A. and Schreiber, E. and Schuette, D. and Schutz, B. F. and Scott, J. and Scott, S. M. and Sellers, D. and Sengupta, A. S. and Sentenac, D. and Sequino, V. and Sergeev, A. and Setyawati, Y. and Shaddock, D. A. and Shaffer, T. and Shahriar, M. S. and Shaltev, M. and Shapiro, B. and Shawhan, P. and Sheperd, A. and Shoemaker, D. H. and Shoemaker, D. M. and Siellez, K. and Siemens, X. and Sieniawska, M. and Sigg, D. and Silva, A. D. and Singer, A. and Singer, L. P. and Singh, A. and Singh, R. and Singhal, A. and Sintes, A. M. and Slagmolen, B. J. J. and Smith, J. R. and Smith, N. D. and Smith, R. J. E. and Son, E. J. and Sorazu, B. and Sorrentino, F. and Souradeep, T. and Srivastava, A. K. and Staley, A. and Steinke, M. and Steinlechner, J. and Steinlechner, S. and Steinmeyer, D. and Stephens, B. C. and Stevenson, S. and Stone, R. and Strain, K. A. and Straniero, N. and Stratta, G. and Strauss, N. A. and Strigin, S. and Sturani, R. and Stuver, A. L. and Summerscales, T. Z. and Sun, L. and Sunil, S. and Sutton, P. J. and Swinkels, B. L. and Szczepa{\'{n}}czyk, M. J. and Tacca, M. and Talukder, D. and Tanner, D. B. and T{\'{a}}pai, M. and Tarabrin, S. P. and Taracchini, A. and Taylor, R. and Theeg, T. and Thirugnanasambandam, M. P. and Thomas, E. G. and Thomas, M. and Thomas, P. and Thorne, K. A. and Thrane, E. and Tiwari, S. and Tiwari, V. and Tokmakov, K. V. and Toland, K. and Tomlinson, C. and Tonelli, M. and Tornasi, Z. and Torres, C. V. and Torrie, C. I. and T{\"{o}}yr{\"{a}}, D. and Travasso, F. and Traylor, G. and Trifir{\`{o}}, D. and Tringali, M. C. and Trozzo, L. and Tse, M. and Turconi, M. and Tuyenbayev, D. and Ugolini, D. and Unnikrishnan, C. S. and Urban, A. L. and Usman, S. A. and Vahlbruch, H. and Vajente, G. and Valdes, G. and Vallisneri, M. and van Bakel, N. and van Beuzekom, M. and van den Brand, J. F. J. and Van Den Broeck, C. and Vander-Hyde, D. C. and van der Schaaf, L. and van Heijningen, J. V. and van Veggel, A. A. and Vardaro, M. and Vass, S. and Vas{\'{u}}th, M. and Vaulin, R. and Vecchio, A. and Vedovato, G. and Veitch, J. and Veitch, P. J. and Venkateswara, K. and Verkindt, D. and Vetrano, F. and Vicer{\'{e}}, A. and Vinciguerra, S. and Vine, D. J. and Vinet, J.-Y. and Vitale, S. and Vo, T. and Vocca, H. and Vorvick, C. and Voss, D. V. and Vousden, W. D. and Vyatchanin, S. P. and Wade, A. R. and Wade, L. E. and Wade, M. and Walker, M. and Wallace, L. and Walsh, S. and Wang, G. and Wang, H. and Wang, M. and Wang, X. and Wang, Y. and Ward, R. L. and Warner, J. and Was, M. and Weaver, B. and Wei, L.-W. and Weinert, M. and Weinstein, A. J. and Weiss, R. and Wen, L. and We{\ss}els, P. and Westphal, T. and Wette, K. and Whelan, J. T. and Whitcomb, S. E. and Whiting, B. F. and Williams, R. D. and Williamson, A. R. and Willis, J. L. and Willke, B. and Wimmer, M. H. and Winkler, W. and Wipf, C. C. and Wittel, H. and Woan, G. and Woehler, J. and Worden, J. and Wright, J. L. and Wu, D. S. and Wu, G. and Yablon, J. and Yam, W. and Yamamoto, H. and Yancey, C. C. and Yu, H. and Yvert, M. and Zadro{\.{z}}ny, A. and Zangrando, L. and Zanolin, M. and Zendri, J.-P. and Zevin, M. and Zhang, L. and Zhang, M. and Zhang, Y. and Zhao, C. and Zhou, M. and Zhou, Z. and Zhu, X. J. and Zucker, M. E. and Zuraw, S. E. and Zweizig, J.},
    number = {4},
    month = {10},
    pages = {041015},
    volume = {6},
    doi = {10.1103/PhysRevX.6.041015},
    issn = {2160-3308}
}

@article{detection_rate_2016,
    title = {{Binary Black Hole Mergers in the First Advanced LIGO Observing Run}},
    year = {2016},
    journal = {Physical Review X},
    author = {Abbott, B. P. and Abbott, R. and Abbott, T. D. and Abernathy, M. R. and Acernese, F. and Ackley, K. and Adams, C. and Adams, T. and Addesso, P. and Adhikari, R. X. and Adya, V. B. and Affeldt, C. and Agathos, M. and Agatsuma, K. and Aggarwal, N. and Aguiar, O. D. and Aiello, L. and Ain, A. and Ajith, P. and Allen, B. and Allocca, A. and Altin, P. A. and Anderson, S. B. and Anderson, W. G. and Arai, K. and Araya, M. C. and Arceneaux, C. C. and Areeda, J. S. and Arnaud, N. and Arun, K. G. and Ascenzi, S. and Ashton, G. and Ast, M. and Aston, S. M. and Astone, P. and Aufmuth, P. and Aulbert, C. and Babak, S. and Bacon, P. and Bader, M. K. M. and Baker, P. T. and Baldaccini, F. and Ballardin, G. and Ballmer, S. W. and Barayoga, J. C. and Barclay, S. E. and Barish, B. C. and Barker, D. and Barone, F. and Barr, B. and Barsotti, L. and Barsuglia, M. and Barta, D. and Bartlett, J. and Bartos, I. and Bassiri, R. and Basti, A. and Batch, J. C. and Baune, C. and Bavigadda, V. and Bazzan, M. and Bejger, M. and Bell, A. S. and Berger, B. K. and Bergmann, G. and Berry, C. P. L. and Bersanetti, D. and Bertolini, A. and Betzwieser, J. and Bhagwat, S. and Bhandare, R. and Bilenko, I. A. and Billingsley, G. and Birch, J. and Birney, R. and Birnholtz, O. and Biscans, S. and Bisht, A. and Bitossi, M. and Biwer, C. and Bizouard, M. A. and Blackburn, J. K. and Blair, C. D. and Blair, D. G. and Blair, R. M. and Bloemen, S. and Bock, O. and Boer, M. and Bogaert, G. and Bogan, C. and Bohe, A. and Bond, C. and Bondu, F. and Bonnand, R. and Boom, B. A. and Bork, R. and Boschi, V. and Bose, S. and Bouffanais, Y. and Bozzi, A. and Bradaschia, C. and Brady, P. R. and Braginsky, V. B. and Branchesi, M. and Brau, J. E. and Briant, T. and Brillet, A. and Brinkmann, M. and Brisson, V. and Brockill, P. and Broida, J. E. and Brooks, A. F. and Brown, D. A. and Brown, D. D. and Brown, N. M. and Brunett, S. and Buchanan, C. C. and Buikema, A. and Bulik, T. and Bulten, H. J. and Buonanno, A. and Buskulic, D. and Buy, C. and Byer, R. L. and Cabero, M. and Cadonati, L. and Cagnoli, G. and Cahillane, C. and Calder{\'{o}}n Bustillo, J. and Callister, T. and Calloni, E. and Camp, J. B. and Cannon, K. C. and Cao, J. and Capano, C. D. and Capocasa, E. and Carbognani, F. and Caride, S. and Casanueva Diaz, J. and Casentini, C. and Caudill, S. and Cavagli{\`{a}}, M. and Cavalier, F. and Cavalieri, R. and Cella, G. and Cepeda, C. B. and Cerboni Baiardi, L. and Cerretani, G. and Cesarini, E. and Chamberlin, S. J. and Chan, M. and Chao, S. and Charlton, P. and Chassande-Mottin, E. and Cheeseboro, B. D. and Chen, H. Y. and Chen, Y. and Cheng, C. and Chincarini, A. and Chiummo, A. and Cho, H. S. and Cho, M. and Chow, J. H. and Christensen, N. and Chu, Q. and Chua, S. and Chung, S. and Ciani, G. and Clara, F. and Clark, J. A. and Cleva, F. and Coccia, E. and Cohadon, P.-F. and Colla, A. and Collette, C. G. and Cominsky, L. and Constancio, M. and Conte, A. and Conti, L. and Cook, D. and Corbitt, T. R. and Cornish, N. and Corsi, A. and Cortese, S. and Costa, C. A. and Coughlin, M. W. and Coughlin, S. B. and Coulon, J.-P. and Countryman, S. T. and Couvares, P. and Cowan, E. E. and Coward, D. M. and Cowart, M. J. and Coyne, D. C. and Coyne, R. and Craig, K. and Creighton, J. D. E. and Cripe, J. and Crowder, S. G. and Cumming, A. and Cunningham, L. and Cuoco, E. and Dal Canton, T. and Danilishin, S. L. and D’Antonio, S. and Danzmann, K. and Darman, N. S. and Dasgupta, A. and Da Silva Costa, C. F. and Dattilo, V. and Dave, I. and Davier, M. and Davies, G. S. and Daw, E. J. and Day, R. and De, S. and DeBra, D. and Debreczeni, G. and Degallaix, J. and De Laurentis, M. and Del{\'{e}}glise, S. and Del Pozzo, W. and Denker, T. and Dent, T. and Dergachev, V. and De Rosa, R. and DeRosa, R. T. and DeSalvo, R. and Devine, R. C. and Dhurandhar, S. and D{\'{i}}az, M. C. and Di Fiore, L. and Di Giovanni, M. and Di Girolamo, T. and Di Lieto, A. and Di Pace, S. and Di Palma, I. and Di Virgilio, A. and Dolique, V. and Donovan, F. and Dooley, K. L. and Doravari, S. and Douglas, R. and Downes, T. P. and Drago, M. and Drever, R. W. P. and Driggers, J. C. and Ducrot, M. and Dwyer, S. E. and Edo, T. B. and Edwards, M. C. and Effler, A. and Eggenstein, H.-B. and Ehrens, P. and Eichholz, J. and Eikenberry, S. S. and Engels, W. and Essick, R. C. and Etzel, T. and Evans, M. and Evans, T. M. and Everett, R. and Factourovich, M. and Fafone, V. and Fair, H. and Fairhurst, S. and Fan, X. and Fang, Q. and Farinon, S. and Farr, B. and Farr, W. M. and Favata, M. and Fays, M. and Fehrmann, H. and Fejer, M. M. and Fenyvesi, E. and Ferrante, I. and Ferreira, E. C. and Ferrini, F. and Fidecaro, F. and Fiori, I. and Fiorucci, D. and Fisher, R. P. and Flaminio, R. and Fletcher, M. and Fong, H. and Fournier, J.-D. and Frasca, S. and Frasconi, F. and Frei, Z. and Freise, A. and Frey, R. and Frey, V. and Fritschel, P. and Frolov, V. V. and Fulda, P. and Fyffe, M. and Gabbard, H. A. G. and Gaebel, S. and Gair, J. R. and Gammaitoni, L. and Gaonkar, S. G. and Garufi, F. and Gaur, G. and Gehrels, N. and Gemme, G. and Geng, P. and Genin, E. and Gennai, A. and George, J. and Gergely, L. and Germain, V. and Ghosh, Abhirup and Ghosh, Archisman and Ghosh, S. and Giaime, J. A. and Giardina, K. D. and Giazotto, A. and Gill, K. and Glaefke, A. and Goetz, E. and Goetz, R. and Gondan, L. and Gonz{\'{a}}lez, G. and Gonzalez Castro, J. M. and Gopakumar, A. and Gordon, N. A. and Gorodetsky, M. L. and Gossan, S. E. and Gosselin, M. and Gouaty, R. and Grado, A. and Graef, C. and Graff, P. B. and Granata, M. and Grant, A. and Gras, S. and Gray, C. and Greco, G. and Green, A. C. and Groot, P. and Grote, H. and Grunewald, S. and Guidi, G. M. and Guo, X. and Gupta, A. and Gupta, M. K. and Gushwa, K. E. and Gustafson, E. K. and Gustafson, R. and Hacker, J. J. and Hall, B. R. and Hall, E. D. and Hamilton, H. and Hammond, G. and Haney, M. and Hanke, M. M. and Hanks, J. and Hanna, C. and Hannam, M. D. and Hanson, J. and Hardwick, T. and Harms, J. and Harry, G. M. and Harry, I. W. and Hart, M. J. and Hartman, M. T. and Haster, C.-J. and Haughian, K. and Healy, J. and Heidmann, A. and Heintze, M. C. and Heitmann, H. and Hello, P. and Hemming, G. and Hendry, M. and Heng, I. S. and Hennig, J. and Henry, J. and Heptonstall, A. W. and Heurs, M. and Hild, S. and Hoak, D. and Hofman, D. and Holt, K. and Holz, D. E. and Hopkins, P. and Hough, J. and Houston, E. A. and Howell, E. J. and Hu, Y. M. and Huang, S. and Huerta, E. A. and Huet, D. and Hughey, B. and Husa, S. and Huttner, S. H. and Huynh-Dinh, T. and Indik, N. and Ingram, D. R. and Inta, R. and Isa, H. N. and Isac, J.-M. and Isi, M. and Isogai, T. and Iyer, B. R. and Izumi, K. and Jacqmin, T. and Jang, H. and Jani, K. and Jaranowski, P. and Jawahar, S. and Jian, L. and Jim{\'{e}}nez-Forteza, F. and Johnson, W. W. and Johnson-McDaniel, N. K. and Jones, D. I. and Jones, R. and Jonker, R. J. G. and Ju, L. and K, Haris and Kalaghatgi, C. V. and Kalogera, V. and Kandhasamy, S. and Kang, G. and Kanner, J. B. and Kapadia, S. J. and Karki, S. and Karvinen, K. S. and Kasprzack, M. and Katsavounidis, E. and Katzman, W. and Kaufer, S. and Kaur, T. and Kawabe, K. and K{\'{e}}f{\'{e}}lian, F. and Kehl, M. S. and Keitel, D. and Kelley, D. B. and Kells, W. and Kennedy, R. and Key, J. S. and Khalili, F. Y. and Khan, I. and Khan, S. and Khan, Z. and Khazanov, E. A. and Kijbunchoo, N. and Kim, Chi-Woong and Kim, Chunglee and Kim, J. and Kim, K. and Kim, N. and Kim, W. and Kim, Y.-M. and Kimbrell, S. J. and King, E. J. and King, P. J. and Kissel, J. S. and Klein, B. and Kleybolte, L. and Klimenko, S. and Koehlenbeck, S. M. and Koley, S. and Kondrashov, V. and Kontos, A. and Korobko, M. and Korth, W. Z. and Kowalska, I. and Kozak, D. B. and Kringel, V. and Krishnan, B. and Kr{\'{o}}lak, A. and Krueger, C. and Kuehn, G. and Kumar, P. and Kumar, R. and Kuo, L. and Kutynia, A. and Lackey, B. D. and Landry, M. and Lange, J. and Lantz, B. and Lasky, P. D. and Laxen, M. and Lazzarini, A. and Lazzaro, C. and Leaci, P. and Leavey, S. and Lebigot, E. O. and Lee, C. H. and Lee, H. K. and Lee, H. M. and Lee, K. and Lenon, A. and Leonardi, M. and Leong, J. R. and Leroy, N. and Letendre, N. and Levin, Y. and Lewis, J. B. and Li, T. G. F. and Libson, A. and Littenberg, T. B. and Lockerbie, N. A. and Lombardi, A. L. and London, L. T. and Lord, J. E. and Lorenzini, M. and Loriette, V. and Lormand, M. and Losurdo, G. and Lough, J. D. and Lousto, C. and L{\"{u}}ck, H. and Lundgren, A. P. and Lynch, R. and Ma, Y. and Machenschalk, B. and MacInnis, M. and Macleod, D. M. and Maga{\~{n}}a-Sandoval, F. and Maga{\~{n}}a Zertuche, L. and Magee, R. M. and Majorana, E. and Maksimovic, I. and Malvezzi, V. and Man, N. and Mandel, I. and Mandic, V. and Mangano, V. and Mansell, G. L. and Manske, M. and Mantovani, M. and Marchesoni, F. and Marion, F. and M{\'{a}}rka, S. and M{\'{a}}rka, Z. and Markosyan, A. S. and Maros, E. and Martelli, F. and Martellini, L. and Martin, I. W. and Martynov, D. V. and Marx, J. N. and Mason, K. and Masserot, A. and Massinger, T. J. and Masso-Reid, M. and Mastrogiovanni, S. and Matichard, F. and Matone, L. and Mavalvala, N. and Mazumder, N. and McCarthy, R. and McClelland, D. E. and McCormick, S. and McGuire, S. C. and McIntyre, G. and McIver, J. and McManus, D. J. and McRae, T. and McWilliams, S. T. and Meacher, D. and Meadors, G. D. and Meidam, J. and Melatos, A. and Mendell, G. and Mercer, R. A. and Merilh, E. L. and Merzougui, M. and Meshkov, S. and Messenger, C. and Messick, C. and Metzdorff, R. and Meyers, P. M. and Mezzani, F. and Miao, H. and Michel, C. and Middleton, H. and Mikhailov, E. E. and Milano, L. and Miller, A. L. and Miller, A. and Miller, B. B. and Miller, J. and Millhouse, M. and Minenkov, Y. and Ming, J. and Mirshekari, S. and Mishra, C. and Mitra, S. and Mitrofanov, V. P. and Mitselmakher, G. and Mittleman, R. and Moggi, A. and Mohan, M. and Mohapatra, S. R. P. and Montani, M. and Moore, B. C. and Moore, C. J. and Moraru, D. and Moreno, G. and Morriss, S. R. and Mossavi, K. and Mours, B. and Mow-Lowry, C. M. and Mueller, G. and Muir, A. W. and Mukherjee, Arunava and Mukherjee, D. and Mukherjee, S. and Mukund, N. and Mullavey, A. and Munch, J. and Murphy, D. J. and Murray, P. G. and Mytidis, A. and Nardecchia, I. and Naticchioni, L. and Nayak, R. K. and Nedkova, K. and Nelemans, G. and Nelson, T. J. N. and Neri, M. and Neunzert, A. and Newton, G. and Nguyen, T. T. and Nielsen, A. B. and Nissanke, S. and Nitz, A. and Nocera, F. and Nolting, D. and Normandin, M. E. N. and Nuttall, L. K. and Oberling, J. and Ochsner, E. and O’Dell, J. and Oelker, E. and Ogin, G. H. and Oh, J. J. and Oh, S. H. and Ohme, F. and Oliver, M. and Oppermann, P. and Oram, Richard J. and O’Reilly, B. and O’Shaughnessy, R. and Ottaway, D. J. and Overmier, H. and Owen, B. J. and Pai, A. and Pai, S. A. and Palamos, J. R. and Palashov, O. and Palomba, C. and Pal-Singh, A. and Pan, H. and Pan, Y. and Pankow, C. and Pannarale, F. and Pant, B. C. and Paoletti, F. and Paoli, A. and Papa, M. A. and Paris, H. R. and Parker, W. and Pascucci, D. and Pasqualetti, A. and Passaquieti, R. and Passuello, D. and Patricelli, B. and Patrick, Z. and Pearlstone, B. L. and Pedraza, M. and Pedurand, R. and Pekowsky, L. and Pele, A. and Penn, S. and Perreca, A. and Perri, L. M. and Pfeiffer, H. P. and Phelps, M. and Piccinni, O. J. and Pichot, M. and Piergiovanni, F. and Pierro, V. and Pillant, G. and Pinard, L. and Pinto, I. M. and Pitkin, M. and Poe, M. and Poggiani, R. and Popolizio, P. and Porter, E. and Post, A. and Powell, J. and Prasad, J. and Predoi, V. and Prestegard, T. and Price, L. R. and Prijatelj, M. and Principe, M. and Privitera, S. and Prix, R. and Prodi, G. A. and Prokhorov, L. and Puncken, O. and Punturo, M. and Puppo, P. and P{\"{u}}rrer, M. and Qi, H. and Qin, J. and Qiu, S. and Quetschke, V. and Quintero, E. A. and Quitzow-James, R. and Raab, F. J. and Rabeling, D. S. and Radkins, H. and Raffai, P. and Raja, S. and Rajan, C. and Rakhmanov, M. and Rapagnani, P. and Raymond, V. and Razzano, M. and Re, V. and Read, J. and Reed, C. M. and Regimbau, T. and Rei, L. and Reid, S. and Reitze, D. H. and Rew, H. and Reyes, S. D. and Ricci, F. and Riles, K. and Rizzo, M. and Robertson, N. A. and Robie, R. and Robinet, F. and Rocchi, A. and Rolland, L. and Rollins, J. G. and Roma, V. J. and Romano, J. D. and Romano, R. and Romanov, G. and Romie, J. H. and Rosi{\'{n}}ska, D. and Rowan, S. and R{\"{u}}diger, A. and Ruggi, P. and Ryan, K. and Sachdev, S. and Sadecki, T. and Sadeghian, L. and Sakellariadou, M. and Salconi, L. and Saleem, M. and Salemi, F. and Samajdar, A. and Sammut, L. and Sanchez, E. J. and Sandberg, V. and Sandeen, B. and Sanders, J. R. and Sassolas, B. and Sathyaprakash, B. S. and Saulson, P. R. and Sauter, O. E. S. and Savage, R. L. and Sawadsky, A. and Schale, P. and Schilling, R. and Schmidt, J. and Schmidt, P. and Schnabel, R. and Schofield, R. M. S. and Sch{\"{o}}nbeck, A. and Schreiber, E. and Schuette, D. and Schutz, B. F. and Scott, J. and Scott, S. M. and Sellers, D. and Sengupta, A. S. and Sentenac, D. and Sequino, V. and Sergeev, A. and Setyawati, Y. and Shaddock, D. A. and Shaffer, T. and Shahriar, M. S. and Shaltev, M. and Shapiro, B. and Shawhan, P. and Sheperd, A. and Shoemaker, D. H. and Shoemaker, D. M. and Siellez, K. and Siemens, X. and Sieniawska, M. and Sigg, D. and Silva, A. D. and Singer, A. and Singer, L. P. and Singh, A. and Singh, R. and Singhal, A. and Sintes, A. M. and Slagmolen, B. J. J. and Smith, J. R. and Smith, N. D. and Smith, R. J. E. and Son, E. J. and Sorazu, B. and Sorrentino, F. and Souradeep, T. and Srivastava, A. K. and Staley, A. and Steinke, M. and Steinlechner, J. and Steinlechner, S. and Steinmeyer, D. and Stephens, B. C. and Stevenson, S. and Stone, R. and Strain, K. A. and Straniero, N. and Stratta, G. and Strauss, N. A. and Strigin, S. and Sturani, R. and Stuver, A. L. and Summerscales, T. Z. and Sun, L. and Sunil, S. and Sutton, P. J. and Swinkels, B. L. and Szczepa{\'{n}}czyk, M. J. and Tacca, M. and Talukder, D. and Tanner, D. B. and T{\'{a}}pai, M. and Tarabrin, S. P. and Taracchini, A. and Taylor, R. and Theeg, T. and Thirugnanasambandam, M. P. and Thomas, E. G. and Thomas, M. and Thomas, P. and Thorne, K. A. and Thrane, E. and Tiwari, S. and Tiwari, V. and Tokmakov, K. V. and Toland, K. and Tomlinson, C. and Tonelli, M. and Tornasi, Z. and Torres, C. V. and Torrie, C. I. and T{\"{o}}yr{\"{a}}, D. and Travasso, F. and Traylor, G. and Trifir{\`{o}}, D. and Tringali, M. C. and Trozzo, L. and Tse, M. and Turconi, M. and Tuyenbayev, D. and Ugolini, D. and Unnikrishnan, C. S. and Urban, A. L. and Usman, S. A. and Vahlbruch, H. and Vajente, G. and Valdes, G. and Vallisneri, M. and van Bakel, N. and van Beuzekom, M. and van den Brand, J. F. J. and Van Den Broeck, C. and Vander-Hyde, D. C. and van der Schaaf, L. and van Heijningen, J. V. and van Veggel, A. A. and Vardaro, M. and Vass, S. and Vas{\'{u}}th, M. and Vaulin, R. and Vecchio, A. and Vedovato, G. and Veitch, J. and Veitch, P. J. and Venkateswara, K. and Verkindt, D. and Vetrano, F. and Vicer{\'{e}}, A. and Vinciguerra, S. and Vine, D. J. and Vinet, J.-Y. and Vitale, S. and Vo, T. and Vocca, H. and Vorvick, C. and Voss, D. V. and Vousden, W. D. and Vyatchanin, S. P. and Wade, A. R. and Wade, L. E. and Wade, M. and Walker, M. and Wallace, L. and Walsh, S. and Wang, G. and Wang, H. and Wang, M. and Wang, X. and Wang, Y. and Ward, R. L. and Warner, J. and Was, M. and Weaver, B. and Wei, L.-W. and Weinert, M. and Weinstein, A. J. and Weiss, R. and Wen, L. and We{\ss}els, P. and Westphal, T. and Wette, K. and Whelan, J. T. and Whitcomb, S. E. and Whiting, B. F. and Williams, R. D. and Williamson, A. R. and Willis, J. L. and Willke, B. and Wimmer, M. H. and Winkler, W. and Wipf, C. C. and Wittel, H. and Woan, G. and Woehler, J. and Worden, J. and Wright, J. L. and Wu, D. S. and Wu, G. and Yablon, J. and Yam, W. and Yamamoto, H. and Yancey, C. C. and Yu, H. and Yvert, M. and Zadro{\.{z}}ny, A. and Zangrando, L. and Zanolin, M. and Zendri, J.-P. and Zevin, M. and Zhang, L. and Zhang, M. and Zhang, Y. and Zhao, C. and Zhou, M. and Zhou, Z. and Zhu, X. J. and Zucker, M. E. and Zuraw, S. E. and Zweizig, J.},
    number = {4},
    month = {10},
    pages = {041015},
    volume = {6},
    doi = {10.1103/PhysRevX.6.041015},
    issn = {2160-3308}
}

@article{LSC-BBH-2016,
    title = {{Binary Black Hole Mergers in the First Advanced LIGO Observing Run}},
    year = {2016},
    journal = {Physical Review X},
    author = {Abbott, B. P. and Abbott, R. and Abbott, T. D. and Abernathy, M. R. and Acernese, F. and Ackley, K. and Adams, C. and Adams, T. and Addesso, P. and Adhikari, R. X. and Adya, V. B. and Affeldt, C. and Agathos, M. and Agatsuma, K. and Aggarwal, N. and Aguiar, O. D. and Aiello, L. and Ain, A. and Ajith, P. and Allen, B. and Allocca, A. and Altin, P. A. and Anderson, S. B. and Anderson, W. G. and Arai, K. and Araya, M. C. and Arceneaux, C. C. and Areeda, J. S. and Arnaud, N. and Arun, K. G. and Ascenzi, S. and Ashton, G. and Ast, M. and Aston, S. M. and Astone, P. and Aufmuth, P. and Aulbert, C. and Babak, S. and Bacon, P. and Bader, M. K. M. and Baker, P. T. and Baldaccini, F. and Ballardin, G. and Ballmer, S. W. and Barayoga, J. C. and Barclay, S. E. and Barish, B. C. and Barker, D. and Barone, F. and Barr, B. and Barsotti, L. and Barsuglia, M. and Barta, D. and Bartlett, J. and Bartos, I. and Bassiri, R. and Basti, A. and Batch, J. C. and Baune, C. and Bavigadda, V. and Bazzan, M. and Bejger, M. and Bell, A. S. and Berger, B. K. and Bergmann, G. and Berry, C. P. L. and Bersanetti, D. and Bertolini, A. and Betzwieser, J. and Bhagwat, S. and Bhandare, R. and Bilenko, I. A. and Billingsley, G. and Birch, J. and Birney, R. and Birnholtz, O. and Biscans, S. and Bisht, A. and Bitossi, M. and Biwer, C. and Bizouard, M. A. and Blackburn, J. K. and Blair, C. D. and Blair, D. G. and Blair, R. M. and Bloemen, S. and Bock, O. and Boer, M. and Bogaert, G. and Bogan, C. and Bohe, A. and Bond, C. and Bondu, F. and Bonnand, R. and Boom, B. A. and Bork, R. and Boschi, V. and Bose, S. and Bouffanais, Y. and Bozzi, A. and Bradaschia, C. and Brady, P. R. and Braginsky, V. B. and Branchesi, M. and Brau, J. E. and Briant, T. and Brillet, A. and Brinkmann, M. and Brisson, V. and Brockill, P. and Broida, J. E. and Brooks, A. F. and Brown, D. A. and Brown, D. D. and Brown, N. M. and Brunett, S. and Buchanan, C. C. and Buikema, A. and Bulik, T. and Bulten, H. J. and Buonanno, A. and Buskulic, D. and Buy, C. and Byer, R. L. and Cabero, M. and Cadonati, L. and Cagnoli, G. and Cahillane, C. and Calder{\'{o}}n Bustillo, J. and Callister, T. and Calloni, E. and Camp, J. B. and Cannon, K. C. and Cao, J. and Capano, C. D. and Capocasa, E. and Carbognani, F. and Caride, S. and Casanueva Diaz, J. and Casentini, C. and Caudill, S. and Cavagli{\`{a}}, M. and Cavalier, F. and Cavalieri, R. and Cella, G. and Cepeda, C. B. and Cerboni Baiardi, L. and Cerretani, G. and Cesarini, E. and Chamberlin, S. J. and Chan, M. and Chao, S. and Charlton, P. and Chassande-Mottin, E. and Cheeseboro, B. D. and Chen, H. Y. and Chen, Y. and Cheng, C. and Chincarini, A. and Chiummo, A. and Cho, H. S. and Cho, M. and Chow, J. H. and Christensen, N. and Chu, Q. and Chua, S. and Chung, S. and Ciani, G. and Clara, F. and Clark, J. A. and Cleva, F. and Coccia, E. and Cohadon, P.-F. and Colla, A. and Collette, C. G. and Cominsky, L. and Constancio, M. and Conte, A. and Conti, L. and Cook, D. and Corbitt, T. R. and Cornish, N. and Corsi, A. and Cortese, S. and Costa, C. A. and Coughlin, M. W. and Coughlin, S. B. and Coulon, J.-P. and Countryman, S. T. and Couvares, P. and Cowan, E. E. and Coward, D. M. and Cowart, M. J. and Coyne, D. C. and Coyne, R. and Craig, K. and Creighton, J. D. E. and Cripe, J. and Crowder, S. G. and Cumming, A. and Cunningham, L. and Cuoco, E. and Dal Canton, T. and Danilishin, S. L. and D’Antonio, S. and Danzmann, K. and Darman, N. S. and Dasgupta, A. and Da Silva Costa, C. F. and Dattilo, V. and Dave, I. and Davier, M. and Davies, G. S. and Daw, E. J. and Day, R. and De, S. and DeBra, D. and Debreczeni, G. and Degallaix, J. and De Laurentis, M. and Del{\'{e}}glise, S. and Del Pozzo, W. and Denker, T. and Dent, T. and Dergachev, V. and De Rosa, R. and DeRosa, R. T. and DeSalvo, R. and Devine, R. C. and Dhurandhar, S. and D{\'{i}}az, M. C. and Di Fiore, L. and Di Giovanni, M. and Di Girolamo, T. and Di Lieto, A. and Di Pace, S. and Di Palma, I. and Di Virgilio, A. and Dolique, V. and Donovan, F. and Dooley, K. L. and Doravari, S. and Douglas, R. and Downes, T. P. and Drago, M. and Drever, R. W. P. and Driggers, J. C. and Ducrot, M. and Dwyer, S. E. and Edo, T. B. and Edwards, M. C. and Effler, A. and Eggenstein, H.-B. and Ehrens, P. and Eichholz, J. and Eikenberry, S. S. and Engels, W. and Essick, R. C. and Etzel, T. and Evans, M. and Evans, T. M. and Everett, R. and Factourovich, M. and Fafone, V. and Fair, H. and Fairhurst, S. and Fan, X. and Fang, Q. and Farinon, S. and Farr, B. and Farr, W. M. and Favata, M. and Fays, M. and Fehrmann, H. and Fejer, M. M. and Fenyvesi, E. and Ferrante, I. and Ferreira, E. C. and Ferrini, F. and Fidecaro, F. and Fiori, I. and Fiorucci, D. and Fisher, R. P. and Flaminio, R. and Fletcher, M. and Fong, H. and Fournier, J.-D. and Frasca, S. and Frasconi, F. and Frei, Z. and Freise, A. and Frey, R. and Frey, V. and Fritschel, P. and Frolov, V. V. and Fulda, P. and Fyffe, M. and Gabbard, H. A. G. and Gaebel, S. and Gair, J. R. and Gammaitoni, L. and Gaonkar, S. G. and Garufi, F. and Gaur, G. and Gehrels, N. and Gemme, G. and Geng, P. and Genin, E. and Gennai, A. and George, J. and Gergely, L. and Germain, V. and Ghosh, Abhirup and Ghosh, Archisman and Ghosh, S. and Giaime, J. A. and Giardina, K. D. and Giazotto, A. and Gill, K. and Glaefke, A. and Goetz, E. and Goetz, R. and Gondan, L. and Gonz{\'{a}}lez, G. and Gonzalez Castro, J. M. and Gopakumar, A. and Gordon, N. A. and Gorodetsky, M. L. and Gossan, S. E. and Gosselin, M. and Gouaty, R. and Grado, A. and Graef, C. and Graff, P. B. and Granata, M. and Grant, A. and Gras, S. and Gray, C. and Greco, G. and Green, A. C. and Groot, P. and Grote, H. and Grunewald, S. and Guidi, G. M. and Guo, X. and Gupta, A. and Gupta, M. K. and Gushwa, K. E. and Gustafson, E. K. and Gustafson, R. and Hacker, J. J. and Hall, B. R. and Hall, E. D. and Hamilton, H. and Hammond, G. and Haney, M. and Hanke, M. M. and Hanks, J. and Hanna, C. and Hannam, M. D. and Hanson, J. and Hardwick, T. and Harms, J. and Harry, G. M. and Harry, I. W. and Hart, M. J. and Hartman, M. T. and Haster, C.-J. and Haughian, K. and Healy, J. and Heidmann, A. and Heintze, M. C. and Heitmann, H. and Hello, P. and Hemming, G. and Hendry, M. and Heng, I. S. and Hennig, J. and Henry, J. and Heptonstall, A. W. and Heurs, M. and Hild, S. and Hoak, D. and Hofman, D. and Holt, K. and Holz, D. E. and Hopkins, P. and Hough, J. and Houston, E. A. and Howell, E. J. and Hu, Y. M. and Huang, S. and Huerta, E. A. and Huet, D. and Hughey, B. and Husa, S. and Huttner, S. H. and Huynh-Dinh, T. and Indik, N. and Ingram, D. R. and Inta, R. and Isa, H. N. and Isac, J.-M. and Isi, M. and Isogai, T. and Iyer, B. R. and Izumi, K. and Jacqmin, T. and Jang, H. and Jani, K. and Jaranowski, P. and Jawahar, S. and Jian, L. and Jim{\'{e}}nez-Forteza, F. and Johnson, W. W. and Johnson-McDaniel, N. K. and Jones, D. I. and Jones, R. and Jonker, R. J. G. and Ju, L. and K, Haris and Kalaghatgi, C. V. and Kalogera, V. and Kandhasamy, S. and Kang, G. and Kanner, J. B. and Kapadia, S. J. and Karki, S. and Karvinen, K. S. and Kasprzack, M. and Katsavounidis, E. and Katzman, W. and Kaufer, S. and Kaur, T. and Kawabe, K. and K{\'{e}}f{\'{e}}lian, F. and Kehl, M. S. and Keitel, D. and Kelley, D. B. and Kells, W. and Kennedy, R. and Key, J. S. and Khalili, F. Y. and Khan, I. and Khan, S. and Khan, Z. and Khazanov, E. A. and Kijbunchoo, N. and Kim, Chi-Woong and Kim, Chunglee and Kim, J. and Kim, K. and Kim, N. and Kim, W. and Kim, Y.-M. and Kimbrell, S. J. and King, E. J. and King, P. J. and Kissel, J. S. and Klein, B. and Kleybolte, L. and Klimenko, S. and Koehlenbeck, S. M. and Koley, S. and Kondrashov, V. and Kontos, A. and Korobko, M. and Korth, W. Z. and Kowalska, I. and Kozak, D. B. and Kringel, V. and Krishnan, B. and Kr{\'{o}}lak, A. and Krueger, C. and Kuehn, G. and Kumar, P. and Kumar, R. and Kuo, L. and Kutynia, A. and Lackey, B. D. and Landry, M. and Lange, J. and Lantz, B. and Lasky, P. D. and Laxen, M. and Lazzarini, A. and Lazzaro, C. and Leaci, P. and Leavey, S. and Lebigot, E. O. and Lee, C. H. and Lee, H. K. and Lee, H. M. and Lee, K. and Lenon, A. and Leonardi, M. and Leong, J. R. and Leroy, N. and Letendre, N. and Levin, Y. and Lewis, J. B. and Li, T. G. F. and Libson, A. and Littenberg, T. B. and Lockerbie, N. A. and Lombardi, A. L. and London, L. T. and Lord, J. E. and Lorenzini, M. and Loriette, V. and Lormand, M. and Losurdo, G. and Lough, J. D. and Lousto, C. and L{\"{u}}ck, H. and Lundgren, A. P. and Lynch, R. and Ma, Y. and Machenschalk, B. and MacInnis, M. and Macleod, D. M. and Maga{\~{n}}a-Sandoval, F. and Maga{\~{n}}a Zertuche, L. and Magee, R. M. and Majorana, E. and Maksimovic, I. and Malvezzi, V. and Man, N. and Mandel, I. and Mandic, V. and Mangano, V. and Mansell, G. L. and Manske, M. and Mantovani, M. and Marchesoni, F. and Marion, F. and M{\'{a}}rka, S. and M{\'{a}}rka, Z. and Markosyan, A. S. and Maros, E. and Martelli, F. and Martellini, L. and Martin, I. W. and Martynov, D. V. and Marx, J. N. and Mason, K. and Masserot, A. and Massinger, T. J. and Masso-Reid, M. and Mastrogiovanni, S. and Matichard, F. and Matone, L. and Mavalvala, N. and Mazumder, N. and McCarthy, R. and McClelland, D. E. and McCormick, S. and McGuire, S. C. and McIntyre, G. and McIver, J. and McManus, D. J. and McRae, T. and McWilliams, S. T. and Meacher, D. and Meadors, G. D. and Meidam, J. and Melatos, A. and Mendell, G. and Mercer, R. A. and Merilh, E. L. and Merzougui, M. and Meshkov, S. and Messenger, C. and Messick, C. and Metzdorff, R. and Meyers, P. M. and Mezzani, F. and Miao, H. and Michel, C. and Middleton, H. and Mikhailov, E. E. and Milano, L. and Miller, A. L. and Miller, A. and Miller, B. B. and Miller, J. and Millhouse, M. and Minenkov, Y. and Ming, J. and Mirshekari, S. and Mishra, C. and Mitra, S. and Mitrofanov, V. P. and Mitselmakher, G. and Mittleman, R. and Moggi, A. and Mohan, M. and Mohapatra, S. R. P. and Montani, M. and Moore, B. C. and Moore, C. J. and Moraru, D. and Moreno, G. and Morriss, S. R. and Mossavi, K. and Mours, B. and Mow-Lowry, C. M. and Mueller, G. and Muir, A. W. and Mukherjee, Arunava and Mukherjee, D. and Mukherjee, S. and Mukund, N. and Mullavey, A. and Munch, J. and Murphy, D. J. and Murray, P. G. and Mytidis, A. and Nardecchia, I. and Naticchioni, L. and Nayak, R. K. and Nedkova, K. and Nelemans, G. and Nelson, T. J. N. and Neri, M. and Neunzert, A. and Newton, G. and Nguyen, T. T. and Nielsen, A. B. and Nissanke, S. and Nitz, A. and Nocera, F. and Nolting, D. and Normandin, M. E. N. and Nuttall, L. K. and Oberling, J. and Ochsner, E. and O’Dell, J. and Oelker, E. and Ogin, G. H. and Oh, J. J. and Oh, S. H. and Ohme, F. and Oliver, M. and Oppermann, P. and Oram, Richard J. and O’Reilly, B. and O’Shaughnessy, R. and Ottaway, D. J. and Overmier, H. and Owen, B. J. and Pai, A. and Pai, S. A. and Palamos, J. R. and Palashov, O. and Palomba, C. and Pal-Singh, A. and Pan, H. and Pan, Y. and Pankow, C. and Pannarale, F. and Pant, B. C. and Paoletti, F. and Paoli, A. and Papa, M. A. and Paris, H. R. and Parker, W. and Pascucci, D. and Pasqualetti, A. and Passaquieti, R. and Passuello, D. and Patricelli, B. and Patrick, Z. and Pearlstone, B. L. and Pedraza, M. and Pedurand, R. and Pekowsky, L. and Pele, A. and Penn, S. and Perreca, A. and Perri, L. M. and Pfeiffer, H. P. and Phelps, M. and Piccinni, O. J. and Pichot, M. and Piergiovanni, F. and Pierro, V. and Pillant, G. and Pinard, L. and Pinto, I. M. and Pitkin, M. and Poe, M. and Poggiani, R. and Popolizio, P. and Porter, E. and Post, A. and Powell, J. and Prasad, J. and Predoi, V. and Prestegard, T. and Price, L. R. and Prijatelj, M. and Principe, M. and Privitera, S. and Prix, R. and Prodi, G. A. and Prokhorov, L. and Puncken, O. and Punturo, M. and Puppo, P. and P{\"{u}}rrer, M. and Qi, H. and Qin, J. and Qiu, S. and Quetschke, V. and Quintero, E. A. and Quitzow-James, R. and Raab, F. J. and Rabeling, D. S. and Radkins, H. and Raffai, P. and Raja, S. and Rajan, C. and Rakhmanov, M. and Rapagnani, P. and Raymond, V. and Razzano, M. and Re, V. and Read, J. and Reed, C. M. and Regimbau, T. and Rei, L. and Reid, S. and Reitze, D. H. and Rew, H. and Reyes, S. D. and Ricci, F. and Riles, K. and Rizzo, M. and Robertson, N. A. and Robie, R. and Robinet, F. and Rocchi, A. and Rolland, L. and Rollins, J. G. and Roma, V. J. and Romano, J. D. and Romano, R. and Romanov, G. and Romie, J. H. and Rosi{\'{n}}ska, D. and Rowan, S. and R{\"{u}}diger, A. and Ruggi, P. and Ryan, K. and Sachdev, S. and Sadecki, T. and Sadeghian, L. and Sakellariadou, M. and Salconi, L. and Saleem, M. and Salemi, F. and Samajdar, A. and Sammut, L. and Sanchez, E. J. and Sandberg, V. and Sandeen, B. and Sanders, J. R. and Sassolas, B. and Sathyaprakash, B. S. and Saulson, P. R. and Sauter, O. E. S. and Savage, R. L. and Sawadsky, A. and Schale, P. and Schilling, R. and Schmidt, J. and Schmidt, P. and Schnabel, R. and Schofield, R. M. S. and Sch{\"{o}}nbeck, A. and Schreiber, E. and Schuette, D. and Schutz, B. F. and Scott, J. and Scott, S. M. and Sellers, D. and Sengupta, A. S. and Sentenac, D. and Sequino, V. and Sergeev, A. and Setyawati, Y. and Shaddock, D. A. and Shaffer, T. and Shahriar, M. S. and Shaltev, M. and Shapiro, B. and Shawhan, P. and Sheperd, A. and Shoemaker, D. H. and Shoemaker, D. M. and Siellez, K. and Siemens, X. and Sieniawska, M. and Sigg, D. and Silva, A. D. and Singer, A. and Singer, L. P. and Singh, A. and Singh, R. and Singhal, A. and Sintes, A. M. and Slagmolen, B. J. J. and Smith, J. R. and Smith, N. D. and Smith, R. J. E. and Son, E. J. and Sorazu, B. and Sorrentino, F. and Souradeep, T. and Srivastava, A. K. and Staley, A. and Steinke, M. and Steinlechner, J. and Steinlechner, S. and Steinmeyer, D. and Stephens, B. C. and Stevenson, S. and Stone, R. and Strain, K. A. and Straniero, N. and Stratta, G. and Strauss, N. A. and Strigin, S. and Sturani, R. and Stuver, A. L. and Summerscales, T. Z. and Sun, L. and Sunil, S. and Sutton, P. J. and Swinkels, B. L. and Szczepa{\'{n}}czyk, M. J. and Tacca, M. and Talukder, D. and Tanner, D. B. and T{\'{a}}pai, M. and Tarabrin, S. P. and Taracchini, A. and Taylor, R. and Theeg, T. and Thirugnanasambandam, M. P. and Thomas, E. G. and Thomas, M. and Thomas, P. and Thorne, K. A. and Thrane, E. and Tiwari, S. and Tiwari, V. and Tokmakov, K. V. and Toland, K. and Tomlinson, C. and Tonelli, M. and Tornasi, Z. and Torres, C. V. and Torrie, C. I. and T{\"{o}}yr{\"{a}}, D. and Travasso, F. and Traylor, G. and Trifir{\`{o}}, D. and Tringali, M. C. and Trozzo, L. and Tse, M. and Turconi, M. and Tuyenbayev, D. and Ugolini, D. and Unnikrishnan, C. S. and Urban, A. L. and Usman, S. A. and Vahlbruch, H. and Vajente, G. and Valdes, G. and Vallisneri, M. and van Bakel, N. and van Beuzekom, M. and van den Brand, J. F. J. and Van Den Broeck, C. and Vander-Hyde, D. C. and van der Schaaf, L. and van Heijningen, J. V. and van Veggel, A. A. and Vardaro, M. and Vass, S. and Vas{\'{u}}th, M. and Vaulin, R. and Vecchio, A. and Vedovato, G. and Veitch, J. and Veitch, P. J. and Venkateswara, K. and Verkindt, D. and Vetrano, F. and Vicer{\'{e}}, A. and Vinciguerra, S. and Vine, D. J. and Vinet, J.-Y. and Vitale, S. and Vo, T. and Vocca, H. and Vorvick, C. and Voss, D. V. and Vousden, W. D. and Vyatchanin, S. P. and Wade, A. R. and Wade, L. E. and Wade, M. and Walker, M. and Wallace, L. and Walsh, S. and Wang, G. and Wang, H. and Wang, M. and Wang, X. and Wang, Y. and Ward, R. L. and Warner, J. and Was, M. and Weaver, B. and Wei, L.-W. and Weinert, M. and Weinstein, A. J. and Weiss, R. and Wen, L. and We{\ss}els, P. and Westphal, T. and Wette, K. and Whelan, J. T. and Whitcomb, S. E. and Whiting, B. F. and Williams, R. D. and Williamson, A. R. and Willis, J. L. and Willke, B. and Wimmer, M. H. and Winkler, W. and Wipf, C. C. and Wittel, H. and Woan, G. and Woehler, J. and Worden, J. and Wright, J. L. and Wu, D. S. and Wu, G. and Yablon, J. and Yam, W. and Yamamoto, H. and Yancey, C. C. and Yu, H. and Yvert, M. and Zadro{\.{z}}ny, A. and Zangrando, L. and Zanolin, M. and Zendri, J.-P. and Zevin, M. and Zhang, L. and Zhang, M. and Zhang, Y. and Zhao, C. and Zhou, M. and Zhou, Z. and Zhu, X. J. and Zucker, M. E. and Zuraw, S. E. and Zweizig, J.},
    number = {4},
    month = {10},
    pages = {041015},
    volume = {6},
    doi = {10.1103/PhysRevX.6.041015},
    issn = {2160-3308}
}

@article{Richard2010volume,
    title = {{BINARY COMPACT OBJECT COALESCENCE RATES: THE ROLE OF ELLIPTICAL GALAXIES}},
    year = {2010},
    journal = {The Astrophysical Journal},
    author = {O'Shaughnessy, R. and Kalogera, V. and Belczynski, Krzysztof},
    number = {1},
    month = {6},
    pages = {615--633},
    volume = {716},
    doi = {10.1088/0004-637X/716/1/615},
    issn = {0004-637X}
}

@article{Antonini-2014,
    title = {{BLACK HOLE TRIPLE DYNAMICS: A BREAKDOWN OF THE ORBIT AVERAGE APPROXIMATION AND IMPLICATIONS FOR GRAVITATIONAL WAVE DETECTIONS}},
    year = {2014},
    journal = {The Astrophysical Journal},
    author = {Antonini, Fabio and Murray, Norman and Mikkola, Seppo},
    number = {1},
    month = {1},
    pages = {45},
    volume = {781},
    doi = {10.1088/0004-637X/781/1/45},
    issn = {0004-637X}
}

@article{2021_scaling_paper,
    title = {{Constraining the orbital eccentricity of inspiralling compact binary systems with Advanced LIGO}},
    year = {2022},
    journal = {Physical Review D},
    author = {Favata, Marc and Kim, Chunglee and Arun, K. G. and Kim, Jeongcho and Lee, Hyung Won},
    number = {2},
    month = {1},
    volume = {105},
    publisher = {American Physical Society},
    doi = {10.1103/PhysRevD.105.023003},
    issn = {24700029},
    arxivId = {2108.05861}
}

@article{Colm-2017,
    title = {{Determining the population properties of spinning black holes}},
    year = {2017},
    journal = {Physical Review D},
    author = {Talbot, Colm and Thrane, Eric},
    number = {2},
    month = {7},
    pages = {023012},
    volume = {96},
    doi = {10.1103/PhysRevD.96.023012},
    issn = {2470-0010}
}

@article{Breivik-2016,
    title = {{DISTINGUISHING BETWEEN FORMATION CHANNELS FOR BINARY BLACK HOLES WITH <i>LISA</i>}},
    year = {2016},
    journal = {The Astrophysical Journal},
    author = {Breivik, Katelyn and Rodriguez, Carl L. and Larson, Shane L. and Kalogera, Vassiliki and Rasio, Frederic A.},
    number = {1},
    month = {10},
    pages = {L18},
    volume = {830},
    doi = {10.3847/2041-8205/830/1/L18},
    issn = {2041-8213}
}

@article{farr-2017-nature,
    title = {{Distinguishing spin-aligned and isotropic black hole populations with gravitational waves}},
    year = {2017},
    journal = {Nature},
    author = {Farr, Will M. and Stevenson, Simon and Miller, M. Coleman and Mandel, Ilya and Farr, Ben and Vecchio, Alberto},
    number = {7668},
    month = {8},
    pages = {426--429},
    volume = {548},
    doi = {10.1038/nature23453},
    issn = {0028-0836}
}

@article{Michael-2015,
    title = {{DOUBLE COMPACT OBJECTS. III. GRAVITATIONAL-WAVE DETECTION RATES}},
    year = {2015},
    journal = {The Astrophysical Journal},
    author = {Dominik, Michal and Berti, Emanuele and O’Shaughnessy, Richard and Mandel, Ilya and Belczynski, Krzysztof and Fryer, Christopher and Holz, Daniel E. and Bulik, Tomasz and Pannarale, Francesco},
    number = {2},
    month = {6},
    pages = {263},
    volume = {806},
    doi = {10.1088/0004-637X/806/2/263},
    issn = {1538-4357}
}

@article{mass_ecc_limit_2018,
    title = {{Eccentric Black Hole Gravitational-wave Capture Sources in Galactic Nuclei: Distribution of Binary Parameters}},
    year = {2018},
    journal = {The Astrophysical Journal},
    author = {Gond{\'{a}}n, László and Kocsis, Bence and Raffai, Péter and Frei, Zsolt},
    number = {1},
    month = {6},
    pages = {5},
    volume = {860},
    publisher = {American Astronomical Society},
    doi = {10.3847/1538-4357/aabfee},
    issn = {15384357},
    arxivId = {1711.09989}
}

@article{samsing-2018,
    title = {{Eccentric black hole mergers forming in globular clusters}},
    year = {2018},
    journal = {Physical Review D},
    author = {Samsing, Johan},
    number = {10},
    month = {5},
    pages = {103014},
    volume = {97},
    doi = {10.1103/PhysRevD.97.103014},
    issn = {2470-0010}
}

@article{zevin-samsing-2019,
    title = {{Eccentric Black Hole Mergers in Dense Star Clusters: The Role of Binary–Binary Encounters}},
    year = {2019},
    journal = {The Astrophysical Journal},
    author = {Zevin, Michael and Samsing, Johan and Rodriguez, Carl and Haster, Carl-Johan and Ramirez-Ruiz, Enrico},
    number = {1},
    month = {1},
    pages = {91},
    volume = {871},
    doi = {10.3847/1538-4357/aaf6ec},
    issn = {1538-4357}
}

@article{Michael-zevin-2017,
    title = {{Eccentric Black Hole Mergers in Dense Star Clusters: The Role of Binary–Binary Encounters}},
    year = {2019},
    journal = {The Astrophysical Journal},
    author = {Zevin, Michael and Samsing, Johan and Rodriguez, Carl and Haster, Carl-Johan and Ramirez-Ruiz, Enrico},
    number = {1},
    month = {1},
    pages = {91},
    volume = {871},
    doi = {10.3847/1538-4357/aaf6ec},
    issn = {1538-4357}
}

@article{samsing-hamers-2019,
    title = {{Effect of distant encounters on black hole binaries in globular clusters: Systematic increase of in-cluster mergers in the LISA band}},
    year = {2019},
    journal = {Physical Review D},
    author = {Samsing, Johan and Hamers, Adrian S. and Tyles, Jacob G.},
    number = {4},
    month = {8},
    pages = {043010},
    volume = {100},
    doi = {10.1103/PhysRevD.100.043010},
    issn = {2470-0010}
}

@article{mcmc_paper,
    title = {{Ensemble samplers with affine invariance}},
    year = {2010},
    journal = {Communications in Applied Mathematics and Computational Science},
    author = {Goodman, Jonathan and Weare, Jonathan},
    number = {1},
    month = {1},
    pages = {65--80},
    volume = {5},
    doi = {10.2140/camcos.2010.5.65},
    issn = {2157-5452}
}

@article{Dan-Richard-2018,
    title = {{Explaining LIGO’s observations via isolated binary evolution with natal kicks}},
    year = {2018},
    journal = {Physical Review D},
    author = {Wysocki, Daniel and Gerosa, Davide and O’Shaughnessy, Richard and Belczynski, Krzysztof and Gladysz, Wojciech and Berti, Emanuele and Kesden, Michael and Holz, Daniel E.},
    number = {4},
    month = {2},
    pages = {043014},
    volume = {97},
    doi = {10.1103/PhysRevD.97.043014},
    issn = {2470-0010}
}

@article{Isobel-2022,
    title = {{Four Eccentric Mergers Increase the Evidence that LIGO–Virgo–KAGRA’s Binary Black Holes Form Dynamically}},
    year = {2022},
    journal = {The Astrophysical Journal},
    author = {Romero-Shaw, Isobel and Lasky, Paul D. and Thrane, Eric},
    number = {2},
    month = {12},
    pages = {171},
    volume = {940},
    doi = {10.3847/1538-4357/ac9798},
    issn = {0004-637X}
}

@article{Peters-1964,
    title = {{Gravitational Radiation and the Motion of Two Point Masses}},
    year = {1964},
    journal = {Physical Review},
    author = {Peters, P. C.},
    number = {4B},
    month = {11},
    pages = {B1224-B1232},
    volume = {136},
    doi = {10.1103/PhysRev.136.B1224},
    issn = {0031-899X}
}

@article{Indrajit_GW_intro_1999,
    title = {{Gravitational Waves: An Introduction}},
    year = {1999},
    author = {Chakrabarty, Indrajit},
    month = {8},
    arxivId = {physics/9908041}
}

@article{Gamba_2022_GW190521_dynamical,
    title = {{GW190521 as a dynamical capture of two nonspinning black holes}},
    year = {2022},
    journal = {Nature Astronomy},
    author = {Gamba, R. and Breschi, M. and Carullo, G. and Albanesi, S. and Rettegno, P. and Bernuzzi, S. and Nagar, A.},
    number = {1},
    month = {11},
    pages = {11--17},
    volume = {7},
    doi = {10.1038/s41550-022-01813-w},
    issn = {2397-3366}
}

@article{Akinobu-2017,
    title = {{How to confirm the existence of population III stars by observations of gravitational waves}},
    year = {2017},
    journal = {Physical Review D},
    author = {Miyamoto, Akinobu and Kinugawa, Tomoya and Nakamura, Takashi and Kanda, Nobuyuki},
    number = {6},
    month = {9},
    pages = {064025},
    volume = {96},
    doi = {10.1103/PhysRevD.96.064025},
    issn = {2470-0010}
}

@article{Richard-2017-natal-kicks,
    title = {{Inferences about Supernova Physics from Gravitational-Wave Measurements: GW151226 Spin Misalignment as an Indicator of Strong Black-Hole Natal Kicks}},
    year = {2017},
    journal = {Physical Review Letters},
    author = {O’Shaughnessy, Richard and Gerosa, Davide and Wysocki, Daniel},
    number = {1},
    month = {7},
    pages = {011101},
    volume = {119},
    doi = {10.1103/PhysRevLett.119.011101},
    issn = {0031-9007}
}

@article{kagra-2013,
    title = {{Interferometer design of the KAGRA gravitational wave detector}},
    year = {2013},
    journal = {Physical Review D},
    author = {Aso, Yoichi and Michimura, Yuta and Somiya, Kentaro and Ando, Masaki and Miyakawa, Osamu and Sekiguchi, Takanori and Tatsumi, Daisuke and Yamamoto, Hiroaki},
    number = {4},
    month = {8},
    pages = {043007},
    volume = {88},
    doi = {10.1103/PhysRevD.88.043007},
    issn = {1550-7998}
}

@book{Frolic_BH_Book_2011,
    title = {{Introduction to Black Hole Physics}},
    year = {2011},
    author = {Frolov, Valeri P. and Zelnikov, Andrei},
    month = {9},
    publisher = {Oxford University Press},
    isbn = {9780199692293},
    doi = {10.1093/acprof:oso/9780199692293.001.0001}
}

@article{yumeng-2023,
    title = {{Measurability of precession and eccentricity for heavy binary-black-hole mergers}},
    year = {2023},
    journal = {Physical Review D},
    author = {Xu, Yumeng and Hamilton, Eleanor},
    number = {10},
    month = {5},
    pages = {103049},
    volume = {107},
    doi = {10.1103/PhysRevD.107.103049},
    issn = {2470-0010}
}

@article{lower-2018,
    title = {{Measuring eccentricity in binary black hole inspirals with gravitational waves}},
    year = {2018},
    journal = {Physical Review D},
    author = {Lower, Marcus E. and Thrane, Eric and Lasky, Paul D. and Smith, Rory},
    number = {8},
    month = {10},
    pages = {083028},
    volume = {98},
    doi = {10.1103/PhysRevD.98.083028},
    issn = {2470-0010}
}

@article{lower-2018-ecc-pop,
    title = {{Measuring eccentricity in binary black hole inspirals with gravitational waves}},
    year = {2018},
    journal = {Physical Review D},
    author = {Lower, Marcus E. and Thrane, Eric and Lasky, Paul D. and Smith, Rory},
    number = {8},
    month = {10},
    volume = {98},
    publisher = {American Physical Society},
    doi = {10.1103/PhysRevD.98.083028},
    issn = {24700029},
    arxivId = {1806.05350}
}

@article{2018talbot_bbh_model,
    title = {{Measuring the Binary Black Hole Mass Spectrum with an Astrophysically Motivated Parameterization}},
    year = {2018},
    journal = {The Astrophysical Journal},
    author = {Talbot, Colm and Thrane, Eric},
    number = {2},
    month = {4},
    pages = {173},
    volume = {856},
    doi = {10.3847/1538-4357/aab34c},
    issn = {1538-4357}
}

@article{Mandel-2016,
    title = {{Merging binary black holes formed through chemically homogeneous evolution in short-period stellar binaries}},
    year = {2016},
    journal = {Monthly Notices of the Royal Astronomical Society},
    author = {Mandel, Ilya and de Mink, Selma E.},
    number = {3},
    month = {5},
    pages = {2634--2647},
    volume = {458},
    doi = {10.1093/mnras/stw379},
    issn = {0035-8711}
}

@article{Mandel-2016b,
    title = {{Merging binary black holes formed through chemically homogeneous evolution in short-period stellar binaries}},
    year = {2016},
    journal = {Monthly Notices of the Royal Astronomical Society},
    author = {Mandel, Ilya and de Mink, Selma E.},
    number = {3},
    month = {5},
    pages = {2634--2647},
    volume = {458},
    doi = {10.1093/mnras/stw379},
    issn = {0035-8711}
}

@article{Mandel_2017_Errors,
    title = {{Model-independent inference on compact-binary observations}},
    year = {2017},
    journal = {Monthly Notices of the Royal Astronomical Society},
    author = {Mandel, Ilya and Farr, Will M. and Colonna, Andrea and Stevenson, Simon and Tiňo, Peter and Veitch, John},
    number = {3},
    month = {3},
    pages = {3254--3260},
    volume = {465},
    doi = {10.1093/mnras/stw2883},
    issn = {0035-8711}
}

@article{Volume_1993,
    title = {{Observing binary inspiral in gravitational radiation: One interferometer}},
    year = {1993},
    journal = {Physical Review D},
    author = {Finn, Lee Samuel and Chernoff, David F.},
    number = {6},
    month = {3},
    pages = {2198--2219},
    volume = {47},
    doi = {10.1103/PhysRevD.47.2198},
    issn = {0556-2821}
}

@article{Zevin-2021,
    title = {{One Channel to Rule Them All? Constraining the Origins of Binary Black Holes Using Multiple Formation Pathways}},
    year = {2021},
    journal = {The Astrophysical Journal},
    author = {Zevin, Michael and Bavera, Simone S. and Berry, Christopher P. L. and Kalogera, Vicky and Fragos, Tassos and Marchant, Pablo and Rodriguez, Carl L. and Antonini, Fabio and Holz, Daniel E. and Pankow, Chris},
    number = {2},
    month = {4},
    pages = {152},
    volume = {910},
    doi = {10.3847/1538-4357/abe40e},
    issn = {0004-637X}
}

@article{Rod-2018,
    title = {{Post-Newtonian dynamics in dense star clusters: Formation, masses, and merger rates of highly-eccentric black hole binaries}},
    year = {2018},
    journal = {Physical Review D},
    author = {Rodriguez, Carl L. and Amaro-Seoane, Pau and Chatterjee, Sourav and Kremer, Kyle and Rasio, Frederic A. and Samsing, Johan and Ye, Claire S. and Zevin, Michael},
    number = {12},
    month = {12},
    pages = {123005},
    volume = {98},
    doi = {10.1103/PhysRevD.98.123005},
    issn = {2470-0010}
}

@article{Rodriguez-2018,
    title = {{Post-Newtonian Dynamics in Dense Star Clusters: Highly Eccentric, Highly Spinning, and Repeated Binary Black Hole Mergers}},
    year = {2018},
    journal = {Physical Review Letters},
    author = {Rodriguez, Carl L. and Amaro-Seoane, Pau and Chatterjee, Sourav and Rasio, Frederic A.},
    number = {15},
    month = {4},
    pages = {151101},
    volume = {120},
    doi = {10.1103/PhysRevLett.120.151101},
    issn = {0031-9007}
}

@article{SNR_2010,
    title = {{Predictions for the rates of compact binary coalescences observable by ground-based gravitational-wave detectors}},
    year = {2010},
    journal = {Classical and Quantum Gravity},
    author = {Abadie, J and Abbott, B P and Abbott, R and Abernathy, M and Accadia, T and Acernese, F and Adams, C and Adhikari, R and Ajith, P and Allen, B and Allen, G and Ceron, E Amador and Amin, R S and Anderson, S B and Anderson, W G and Antonucci, F and Aoudia, S and Arain, M A and Araya, M and Aronsson, M and Arun, K G and Aso, Y and Aston, S and Astone, P and Atkinson, D E and Aufmuth, P and Aulbert, C and Babak, S and Baker, P and Ballardin, G and Ballmer, S and Barker, D and Barnum, S and Barone, F and Barr, B and Barriga, P and Barsotti, L and Barsuglia, M and Barton, M A and Bartos, I and Bassiri, R and Bastarrika, M and Bauchrowitz, J and Bauer, Th S and Behnke, B and Beker, M G and Benacquista, M and Bertolini, A and Betzwieser, J and Beveridge, N and Beyersdorf, P T and Bigotta, S and Bilenko, I A and Billingsley, G and Birch, J and Birindelli, S and Biswas, R and Bitossi, M and Bizouard, M A and Black, E and Blackburn, J K and Blackburn, L and Blair, D and Bland, B and Blom, M and Blomberg, A and Boccara, C and Bock, O and Bodiya, T P and Bondarescu, R and Bondu, F and Bonelli, L and Bork, R and Born, M and Bose, S and Bosi, L and Boyle, M and Braccini, S and Bradaschia, C and Brady, P R and Braginsky, V B and Brau, J E and Breyer, J and Bridges, D O and Brillet, A and Brinkmann, M and Brisson, V and Britzger, M and Brooks, A F and Brown, D A and Budzy{\'{n}}ski, R and Bulik, T and Bulten, H J and Buonanno, A and Burguet-Castell, J and Burmeister, O and Buskulic, D and Byer, R L and Cadonati, L and Cagnoli, G and Calloni, E and Camp, J B and Campagna, E and Campsie, P and Cannizzo, J and Cannon, K C and Canuel, B and Cao, J and Capano, C and Carbognani, F and Caride, S and Caudill, S and Cavagli{\`{a}}, M and Cavalier, F and Cavalieri, R and Cella, G and Cepeda, C and Cesarini, E and Chalermsongsak, T and Chalkley, E and Charlton, P and Chassande Mottin, E and Chelkowski, S and Chen, Y and Chincarini, A and Christensen, N and Chua, S S Y and Chung, C T Y and Clark, D and Clark, J and Clayton, J H and Cleva, F and Coccia, E and Colacino, C N and Colas, J and Colla, A and Colombini, M and Conte, R and Cook, D and Corbitt, T R and Corda, C and Cornish, N and Corsi, A and Costa, C A and Coulon, J P and Coward, D and Coyne, D C and Creighton, J D E and Creighton, T D and Cruise, A M and Culter, R M and Cumming, A and Cunningham, L and Cuoco, E and Dahl, K and Danilishin, S L and Dannenberg, R and D'Antonio, S and Danzmann, K and Dari, A and Das, K and Dattilo, V and Daudert, B and Davier, M and Davies, G and Davis, A and Daw, E J and Day, R and Dayanga, T and De Rosa, R and DeBra, D and Degallaix, J and del Prete, M and Dergachev, V and DeRosa, R and DeSalvo, R and Devanka, P and Dhurandhar, S and Fiore, L Di and Lieto, A Di and Palma, I Di and Emilio, M Di Paolo and Virgilio, A Di and D{\'{i}}az, M and Dietz, A and Donovan, F and Dooley, K L and Doomes, E E and Dorsher, S and Douglas, E S D and Drago, M and Drever, R W P and Driggers, J C and Dueck, J and Dumas, J C and Eberle, T and Edgar, M and Edwards, M and Effler, A and Ehrens, P and Engel, R and Etzel, T and Evans, M and Evans, T and Fafone, V and Fairhurst, S and Fan, Y and Farr, B F and Fazi, D and Fehrmann, H and Feldbaum, D and Ferrante, I and Fidecaro, F and Finn, L S and Fiori, I and Flaminio, R and Flanigan, M and Flasch, K and Foley, S and Forrest, C and Forsi, E and Fotopoulos, N and Fournier, J D and Franc, J and Frasca, S and Frasconi, F and Frede, M and Frei, M and Frei, Z and Freise, A and Frey, R and Fricke, T T and Friedrich, D and Fritschel, P and Frolov, V V and Fulda, P and Fyffe, M and Gammaitoni, L and Garofoli, J A and Garufi, F and Gemme, G and Genin, E and Gennai, A and Gholami, I and Ghosh, S and Giaime, J A and Giampanis, S and Giardina, K D and Giazotto, A and Gill, C and Goetz, E and Goggin, L M and Gonz{\'{a}}lez, G and Gorodetsky, M L and Go{\ss}ler, S and Gouaty, R and Graef, C and Granata, M and Grant, A and Gras, S and Gray, C and Greenhalgh, R J S and Gretarsson, A M and Greverie, C and Grosso, R and Grote, H and Grunewald, S and Guidi, G M and Gustafson, E K and Gustafson, R and Hage, B and Hall, P and Hallam, J M and Hammer, D and Hammond, G and Hanks, J and Hanna, C and Hanson, J and Harms, J and Harry, G M and Harry, I W and Harstad, E D and Haughian, K and Hayama, K and Heefner, J and Heitmann, H and Hello, P and Heng, I S and Heptonstall, A and Hewitson, M and Hild, S and Hirose, E and Hoak, D and Hodge, K A and Holt, K and Hosken, D J and Hough, J and Howell, E and Hoyland, D and Huet, D and Hughey, B and Husa, S and Huttner, S H and Huynh-Dinh, T and Ingram, D R and Inta, R and Isogai, T and Ivanov, A and Jaranowski, P and Johnson, W W and Jones, D I and Jones, G and Jones, R and Ju, L and Kalmus, P and Kalogera, V and Kandhasamy, S and Kanner, J and Katsavounidis, E and Kawabe, K and Kawamura, S and Kawazoe, F and Kells, W and Keppel, D G and Khalaidovski, A and Khalili, F Y and Khazanov, E A and Kim, C and Kim, H and King, P J and Kinzel, D L and Kissel, J S and Klimenko, S and Kondrashov, V and Kopparapu, R and Koranda, S and Kowalska, I and Kozak, D and Krause, T and Kringel, V and Krishnamurthy, S and Krishnan, B and Kr{\'{o}}lak, A and Kuehn, G and Kullman, J and Kumar, R and Kwee, P and Landry, M and Lang, M and Lantz, B and Lastzka, N and Lazzarini, A and Leaci, P and Leong, J and Leonor, I and Leroy, N and Letendre, N and Li, J and Li, T G F and Lin, H and Lindquist, P E and Lockerbie, N A and Lodhia, D and Lorenzini, M and Loriette, V and Lormand, M and Losurdo, G and Lu, P and Luan, J and Lubinski, M and Lucianetti, A and L{\"{u}}ck, H and Lundgren, A and Machenschalk, B and MacInnis, M and Mackowski, J M and Mageswaran, M and Mailand, K and Majorana, E and Mak, C and Man, N and Mandel, I and Mandic, V and Mantovani, M and Marchesoni, F and Marion, F and M{\'{a}}rka, S and M{\'{a}}rka, Z and Maros, E and Marque, J and Martelli, F and Martin, I W and Martin, R M and Marx, J N and Mason, K and Masserot, A and Matichard, F and Matone, L and Matzner, R A and Mavalvala, N and McCarthy, R and McClelland, D E and McGuire, S C and McIntyre, G and McIvor, G and McKechan, D J A and Meadors, G and Mehmet, M and Meier, T and Melatos, A and Melissinos, A C and Mendell, G and Men{\'{e}}ndez, D F and Mercer, R A and Merill, L and Meshkov, S and Messenger, C and Meyer, M S and Miao, H and Michel, C and Milano, L and Miller, J and Minenkov, Y and Mino, Y and Mitra, S and Mitrofanov, V P and Mitselmakher, G and Mittleman, R and Moe, B and Mohan, M and Mohanty, S D and Mohapatra, S R P and Moraru, D and Moreau, J and Moreno, G and Morgado, N and Morgia, A and Morioka, T and Mors, K and Mosca, S and Moscatelli, V and Mossavi, K and Mours, B and MowLowry, C and Mueller, G and Mukherjee, S and Mullavey, A and M{\"{u}}ller-Ebhardt, H and Munch, J and Murray, P G and Nash, T and Nawrodt, R and Nelson, J and Neri, I and Newton, G and Nishizawa, A and Nocera, F and Nolting, D and Ochsner, E and O'Dell, J and Ogin, G H and Oldenburg, R G and O'Reilly, B and O'Shaughnessy, R and Osthelder, C and Ottaway, D J and Ottens, R S and Overmier, H and Owen, B J and Page, A and Pagliaroli, G and Palladino, L and Palomba, C and Pan, Y and Pankow, C and Paoletti, F and Papa, M A and Pardi, S and Pareja, M and Parisi, M and Pasqualetti, A and Passaquieti, R and Passuello, D and Patel, P and Pedraza, M and Pekowsky, L and Penn, S and Peralta, C and Perreca, A and Persichetti, G and Pichot, M and Pickenpack, M and Piergiovanni, F and Pietka, M and Pinard, L and Pinto, I M and Pitkin, M and Pletsch, H J and Plissi, M V and Poggiani, R and Postiglione, F and Prato, M and Predoi, V and Price, L R and Prijatelj, M and Principe, M and Privitera, S and Prix, R and Prodi, G A and Prokhorov, L and Puncken, O and Punturo, M and Puppo, P and Quetschke, V and Raab, F J and Rabaste, O and Rabeling, D S and Radke, T and Radkins, H and Raffai, P and Rakhmanov, M and Rankins, B and Rapagnani, P and Raymond, V and Re, V and Reed, C M and Reed, T and Regimbau, T and Reid, S and Reitze, D H and Ricci, F and Riesen, R and Riles, K and Roberts, P and Robertson, N A and Robinet, F and Robinson, C and Robinson, E L and Rocchi, A and Roddy, S and R{\"{o}}ver, C and Rogstad, S and Rolland, L and Rollins, J and Romano, J D and Romano, R and Romie, J H and Rosi{\'{n}}ska, D and Rowan, S and R{\"{u}}diger, A and Ruggi, P and Ryan, K and Sakata, S and Sakosky, M and Salemi, F and Sammut, L and de la Jordana, L Sancho and Sandberg, V and Sannibale, V and Santamar{\'{i}}a, L and Santostasi, G and Saraf, S and Sassolas, B and Sathyaprakash, B S and Sato, S and Satterthwaite, M and Saulson, P R and Savage, R and Schilling, R and Schnabel, R and Schofield, R and Schulz, B and Schutz, B F and Schwinberg, P and Scott, J and Scott, S M and Searle, A C and Seifert, F and Sellers, D and Sengupta, A S and Sentenac, D and Sergeev, A and Shaddock, D A and Shapiro, B and Shawhan, P and Shoemaker, D H and Sibley, A and Siemens, X and Sigg, D and Singer, A and Sintes, A M and Skelton, G and Slagmolen, B J J and Slutsky, J and Smith, J R and Smith, M R and Smith, N D and Somiya, K and Sorazu, B and Speirits, F C and Stein, A J and Stein, L C and Steinlechner, S and Steplewski, S and Stochino, A and Stone, R and Strain, K A and Strigin, S and Stroeer, A and Sturani, R and Stuver, A L and Summerscales, T Z and Sung, M and Susmithan, S and Sutton, P J and Swinkels, B and Talukder, D and Tanner, D B and Tarabrin, S P and Taylor, J R and Taylor, R and Thomas, P and Thorne, K A and Thorne, K S and Thrane, E and Th{\"{u}}ring, A and Titsler, C and Tokmakov, K V and Toncelli, A and Tonelli, M and Torres, C and Torrie, C I and Tournefier, E and Travasso, F and Traylor, G and Trias, M and Trummer, J and Tseng, K and Ugolini, D and Urbanek, K and Vahlbruch, H and Vaishnav, B and Vajente, G and Vallisneri, M and van den Brand, J F J and Van Den Broeck, C and van der Putten, S and van der Sluys, M V and van Veggel, A A and Vass, S and Vaulin, R and Vavoulidis, M and Vecchio, A and Vedovato, G and Veitch, J and Veitch, P J and Veltkamp, C and Verkindt, D and Vetrano, F and Vicer{\'{e}}, A and Villar, A and Vinet, J-Y and Vocca, H and Vorvick, C and Vyachanin, S P and Waldman, S J and Wallace, L and Wanner, A and Ward, R L and Was, M and Wei, P and Weinert, M and Weinstein, A J and Weiss, R and Wen, L and Wen, S and Wessels, P and West, M and Westphal, T and Wette, K and Whelan, J T and Whitcomb, S E and White, D J and Whiting, B F and Wilkinson, C and Willems, P A and Williams, L and Willke, B and Winkelmann, L and Winkler, W and Wipf, C C and Wiseman, A G and Woan, G and Wooley, R and Worden, J and Yakushin, I and Yamamoto, H and Yamamoto, K and Yeaton-Massey, D and Yoshida, S and Yu, P P and Yvert, M and Zanolin, M and Zhang, L and Zhang, Z and Zhao, C and Zotov, N and Zucker, M E and Zweizig, J and Belczynski, K},
    number = {17},
    month = {9},
    pages = {173001},
    volume = {27},
    doi = {10.1088/0264-9381/27/17/173001},
    issn = {0264-9381}
}

@article{sesana-2016,
    title = {{Prospects for Multiband Gravitational-Wave Astronomy after GW150914}},
    year = {2016},
    journal = {Physical Review Letters},
    author = {Sesana, Alberto},
    number = {23},
    month = {6},
    pages = {231102},
    volume = {116},
    doi = {10.1103/PhysRevLett.116.231102},
    issn = {0031-9007}
}

@article{rift_2018,
    title = {{Rapid and accurate parameter inference for coalescing, precessing compact binaries}},
    year = {2018},
    author = {Lange, Jacob and O'Shaughnessy, Richard and Rizzo, Monica},
    month = {5},
    arxivId = {1805.10457}
}

@article{Dan_2019,
    title = {{Reconstructing phenomenological distributions of compact binaries via gravitational wave observations}},
    year = {2019},
    journal = {Physical Review D},
    author = {Wysocki, Daniel and Lange, Jacob and O'Shaughnessy, Richard},
    number = {4},
    month = {8},
    volume = {100},
    publisher = {American Physical Society},
    doi = {10.1103/PhysRevD.100.043012},
    issn = {24700029},
    arxivId = {1805.06442}
}

@article{chen-2017,
    title = {{Revealing the Formation of Stellar-mass Black Hole Binaries: The Need for Deci-Hertz Gravitational-wave Observatories}},
    year = {2017},
    journal = {The Astrophysical Journal},
    author = {Chen, Xian and Amaro-Seoane, Pau},
    number = {1},
    month = {6},
    pages = {L2},
    volume = {842},
    doi = {10.3847/2041-8213/aa74ce},
    issn = {2041-8213}
}

@article{alpha_error_2015,
    title = {{SYSTEMATIC ERRORS IN LOW-LATENCY GRAVITATIONAL WAVE PARAMETER ESTIMATION IMPACT ELECTROMAGNETIC FOLLOW-UP OBSERVATIONS}},
    year = {2016},
    journal = {The Astrophysical Journal},
    author = {Littenberg, Tyson B. and Farr, Ben and Coughlin, Scott and Kalogera, Vicky},
    number = {1},
    month = {3},
    pages = {7},
    volume = {820},
    doi = {10.3847/0004-637X/820/1/7},
    issn = {1538-4357}
}

@article{belczynski-2016,
    title = {{The effect of pair-instability mass loss on black-hole mergers}},
    year = {2016},
    journal = {Astronomy {\&} Astrophysics},
    author = {Belczynski, K. and Heger, A. and Gladysz, W. and Ruiter, A. J. and Woosley, S. and Wiktorowicz, G. and Chen, H.-Y. and Bulik, T. and O’Shaughnessy, R. and Holz, D. E. and Fryer, C. L. and Berti, E.},
    month = {10},
    pages = {A97},
    volume = {594},
    doi = {10.1051/0004-6361/201628980},
    issn = {0004-6361}
}

@article{detection_rate_2015,
    title = {{THE RATE OF BINARY BLACK HOLE MERGERS INFERRED FROM ADVANCED LIGO OBSERVATIONS SURROUNDING GW150914}},
    year = {2016},
    journal = {The Astrophysical Journal},
    author = {Abbott, B. P. and Abbott, R. and Abbott, T. D. and Abernathy, M. R. and Acernese, F. and Ackley, K. and Adams, C. and Adams, T. and Addesso, P. and Adhikari, R. X. and Adya, V. B. and Affeldt, C. and Agathos, M. and Agatsuma, K. and Aggarwal, N. and Aguiar, O. D. and Aiello, L. and Ain, A. and Ajith, P. and Allen, B. and Allocca, A. and Altin, P. A. and Anderson, S. B. and Anderson, W. G. and Arai, K. and Araya, M. C. and Arceneaux, C. C. and Areeda, J. S. and Arnaud, N. and Arun, K. G. and Ascenzi, S. and Ashton, G. and Ast, M. and Aston, S. M. and Astone, P. and Aufmuth, P. and Aulbert, C. and Babak, S. and Bacon, P. and Bader, M. K. M. and Baker, P. T. and Baldaccini, F. and Ballardin, G. and Ballmer, S. W. and Barayoga, J. C. and Barclay, S. E. and Barish, B. C. and Barker, D. and Barone, F. and Barr, B. and Barsotti, L. and Barsuglia, M. and Barta, D. and Bartlett, J. and Bartos, I. and Bassiri, R. and Basti, A. and Batch, J. C. and Baune, C. and Bavigadda, V. and Bazzan, M. and Behnke, B. and Bejger, M. and Bell, A. S. and Bell, C. J. and Berger, B. K. and Bergman, J. and Bergmann, G. and Berry, C. P. L. and Bersanetti, D. and Bertolini, A. and Betzwieser, J. and Bhagwat, S. and Bhandare, R. and Bilenko, I. A. and Billingsley, G. and Birch, J. and Birney, R. and Biscans, S. and Bisht, A. and Bitossi, M. and Biwer, C. and Bizouard, M. A. and Blackburn, J. K. and Blair, C. D. and Blair, D. G. and Blair, R. M. and Bloemen, S. and Bock, O. and Bodiya, T. P. and Boer, M. and Bogaert, G. and Bogan, C. and Bohe, A. and Bojtos, P. and Bond, C. and Bondu, F. and Bonnand, R. and Boom, B. A. and Bork, R. and Boschi, V. and Bose, S. and Bouffanais, Y. and Bozzi, A. and Bradaschia, C. and Brady, P. R. and Braginsky, V. B. and Branchesi, M. and Brau, J. E. and Briant, T. and Brillet, A. and Brinkmann, M. and Brisson, V. and Brockill, P. and Brooks, A. F. and Brown, D. A. and Brown, D. D. and Brown, N. M. and Buchanan, C. C. and Buikema, A. and Bulik, T. and Bulten, H. J. and Buonanno, A. and Buskulic, D. and Buy, C. and Byer, R. L. and Cadonati, L. and Cagnoli, G. and Cahillane, C. and Bustillo, J. Calderón and Callister, T. and Calloni, E. and Camp, J. B. and Cannon, K. C. and Cao, J. and Capano, C. D. and Capocasa, E. and Carbognani, F. and Caride, S. and Diaz, J. Casanueva and Casentini, C. and Caudill, S. and Cavagli{\`{a}}, M. and Cavalier, F. and Cavalieri, R. and Cella, G. and Cepeda, C. B. and Baiardi, L. Cerboni and Cerretani, G. and Cesarini, E. and Chakraborty, R. and Chalermsongsak, T. and Chamberlin, S. J. and Chan, M. and Chao, S. and Charlton, P. and Chassande-Mottin, E. and Chen, H. Y. and Chen, Y. and Cheng, C. and Chincarini, A. and Chiummo, A. and Cho, H. S. and Cho, M. and Chow, J. H. and Christensen, N. and Chu, Q. and Chua, S. and Chung, S. and Ciani, G. and Clara, F. and Clark, J. A. and Cleva, F. and Coccia, E. and Cohadon, P.-F. and Colla, A. and Collette, C. G. and Cominsky, L. and Constancio Jr., M. and Conte, A. and Conti, L. and Cook, D. and Corbitt, T. R. and Cornish, N. and Corsi, A. and Cortese, S. and Costa, C. A. and Coughlin, M. W. and Coughlin, S. B. and Coulon, J.-P. and Countryman, S. T. and Couvares, P. and Cowan, E. E. and Coward, D. M. and Cowart, M. J. and Coyne, D. C. and Coyne, R. and Craig, K. and Creighton, J. D. E. and Cripe, J. and Crowder, S. G. and Cumming, A. and Cunningham, L. and Cuoco, E. and Canton, T. Dal and Danilishin, S. L. and D’Antonio, S. and Danzmann, K. and Darman, N. S. and Dattilo, V. and Dave, I. and Daveloza, H. P. and Davier, M. and Davies, G. S. and Daw, E. J. and Day, R. and De, S. and DeBra, D. and Debreczeni, G. and Degallaix, J. and Laurentis, M. De and Del{\'{e}}glise, S. and Pozzo, W. Del and Denker, T. and Dent, T. and Dereli, H. and Dergachev, V. and Rosa, R. De and DeRosa, R. T. and DeSalvo, R. and Dhurandhar, S. and D{\'{i}}az, M. C. and Fiore, L. Di and Giovanni, M. Di and Lieto, A. Di and Pace, S. Di and Palma, I. Di and Virgilio, A. Di and Dojcinoski, G. and Dolique, V. and Donovan, F. and Dooley, K. L. and Doravari, S. and Douglas, R. and Downes, T. P. and Drago, M. and Drever, R. W. P. and Driggers, J. C. and Du, Z. and Ducrot, M. and Dwyer, S. E. and Edo, T. B. and Edwards, M. C. and Effler, A. and Eggenstein, H.-B. and Ehrens, P. and Eichholz, J. and Eikenberry, S. S. and Engels, W. and Essick, R. C. and Etzel, T. and Evans, M. and Evans, T. M. and Everett, R. and Factourovich, M. and Fafone, V. and Fair, H. and Fairhurst, S. and Fan, X. and Fang, Q. and Farinon, S. and Farr, B. and Farr, W. M. and Favata, M. and Fays, M. and Fehrmann, H. and Fejer, M. M. and Ferrante, I. and Ferreira, E. C. and Ferrini, F. and Fidecaro, F. and Fiori, I. and Fiorucci, D. and Fisher, R. P. and Flaminio, R. and Fletcher, M. and Fong, H. and Fournier, J.-D. and Franco, S. and Frasca, S. and Frasconi, F. and Frei, Z. and Freise, A. and Frey, R. and Frey, V. and Fricke, T. T. and Fritschel, P. and Frolov, V. V. and Fulda, P. and Fyffe, M. and Gabbard, H. A. G. and Gair, J. R. and Gammaitoni, L. and Gaonkar, S. G. and Garufi, F. and Gatto, A. and Gaur, G. and Gehrels, N. and Gemme, G. and Gendre, B. and Genin, E. and Gennai, A. and George, J. and Gergely, L. and Germain, V. and Ghosh, Archisman and Ghosh, S. and Giaime, J. A. and Giardina, K. D. and Giazotto, A. and Gill, K. and Glaefke, A. and Goetz, E. and Goetz, R. and Gondan, L. and Gonz{\'{a}}lez, G. and Castro, J. M. Gonzalez and Gopakumar, A. and Gordon, N. A. and Gorodetsky, M. L. and Gossan, S. E. and Gosselin, M. and Gouaty, R. and Graef, C. and Graff, P. B. and Granata, M. and Grant, A. and Gras, S. and Gray, C. and Greco, G. and Green, A. C. and Groot, P. and Grote, H. and Grunewald, S. and Guidi, G. M. and Guo, X. and Gupta, A. and Gupta, M. K. and Gushwa, K. E. and Gustafson, E. K. and Gustafson, R. and Hacker, J. J. and Hall, B. R. and Hall, E. D. and Hammond, G. and Haney, M. and Hanke, M. M. and Hanks, J. and Hanna, C. and Hannam, M. D. and Hanson, J. and Hardwick, T. and Harms, J. and Harry, G. M. and Harry, I. W. and Hart, M. J. and Hartman, M. T. and Haster, C.-J. and Haughian, K. and Heidmann, A. and Heintze, M. C. and Heitmann, H. and Hello, P. and Hemming, G. and Hendry, M. and Heng, I. S. and Hennig, J. and Heptonstall, A. W. and Heurs, M. and Hild, S. and Hoak, D. and Hodge, K. A. and Hofman, D. and Hollitt, S. E. and Holt, K. and Holz, D. E. and Hopkins, P. and Hosken, D. J. and Hough, J. and Houston, E. A. and Howell, E. J. and Hu, Y. M. and Huang, S. and Huerta, E. A. and Huet, D. and Hughey, B. and Husa, S. and Huttner, S. H. and Huynh-Dinh, T. and Idrisy, A. and Indik, N. and Ingram, D. R. and Inta, R. and Isa, H. N. and Isac, J.-M. and Isi, M. and Islas, G. and Isogai, T. and Iyer, B. R. and Izumi, K. and Jacqmin, T. and Jang, H. and Jani, K. and Jaranowski, P. and Jawahar, S. and Jim{\'{e}}nez-Forteza, F. and Johnson, W. W. and Jones, D. I. and Jones, R. and Jonker, R. J. G. and Ju, L. and K, Haris and Kalaghatgi, C. V. and Kalogera, V. and Kandhasamy, S. and Kang, G. and Kanner, J. B. and Karki, S. and Kasprzack, M. and Katsavounidis, E. and Katzman, W. and Kaufer, S. and Kaur, T. and Kawabe, K. and Kawazoe, F. and K{\'{e}}f{\'{e}}lian, F. and Kehl, M. S. and Keitel, D. and Kelley, D. B. and Kells, W. and Kennedy, R. and Key, J. S. and Khalaidovski, A. and Khalili, F. Y. and Khan, I. and Khan, S. and Khan, Z. and Khazanov, E. A. and Kijbunchoo, N. and Kim, C. and Kim, J. and Kim, K. and Kim, Nam-Gyu and Kim, Namjun and Kim, Y.-M. and King, E. J. and King, P. J. and Kinzel, D. L. and Kissel, J. S. and Kleybolte, L. and Klimenko, S. and Koehlenbeck, S. M. and Kokeyama, K. and Koley, S. and Kondrashov, V. and Kontos, A. and Korobko, M. and Korth, W. Z. and Kowalska, I. and Kozak, D. B. and Kringel, V. and Krishnan, B. and Kr{\'{o}}lak, A. and Krueger, C. and Kuehn, G. and Kumar, P. and Kuo, L. and Kutynia, A. and Lackey, B. D. and Landry, M. and Lange, J. and Lantz, B. and Lasky, P. D. and Lazzarini, A. and Lazzaro, C. and Leaci, P. and Leavey, S. and Lebigot, E. O. and Lee, C. H. and Lee, H. K. and Lee, H. M. and Lee, K. and Lenon, A. and Leonardi, M. and Leong, J. R. and Leroy, N. and Letendre, N. and Levin, Y. and Levine, B. M. and Li, T. G. F. and Libson, A. and Littenberg, T. B. and Lockerbie, N. A. and Logue, J. and Lombardi, A. L. and Lord, J. E. and Lorenzini, M. and Loriette, V. and Lormand, M. and Losurdo, G. and Lough, J. D. and L{\"{u}}ck, H. and Lundgren, A. P. and Luo, J. and Lynch, R. and Ma, Y. and MacDonald, T. and Machenschalk, B. and MacInnis, M. and Macleod, D. M. and Maga{\~{n}}a-Sandoval, F. and Magee, R. M. and Mageswaran, M. and Majorana, E. and Maksimovic, I. and Malvezzi, V. and Man, N. and Mandel, I. and Mandic, V. and Mangano, V. and Mansell, G. L. and Manske, M. and Mantovani, M. and Marchesoni, F. and Marion, F. and M{\'{a}}rka, S. and M{\'{a}}rka, Z. and Markosyan, A. S. and Maros, E. and Martelli, F. and Martellini, L. and Martin, I. W. and Martin, R. M. and Martynov, D. V. and Marx, J. N. and Mason, K. and Masserot, A. and Massinger, T. J. and Masso-Reid, M. and Matichard, F. and Matone, L. and Mavalvala, N. and Mazumder, N. and Mazzolo, G. and McCarthy, R. and McClelland, D. E. and McCormick, S. and McGuire, S. C. and McIntyre, G. and McIver, J. and McManus, D. J. and McWilliams, S. T. and Meacher, D. and Meadors, G. D. and Meidam, J. and Melatos, A. and Mendell, G. and Mendoza-Gandara, D. and Mercer, R. A. and Merilh, E. and Merzougui, M. and Meshkov, S. and Messenger, C. and Messick, C. and Meyers, P. M. and Mezzani, F. and Miao, H. and Michel, C. and Middleton, H. and Mikhailov, E. E. and Milano, L. and Miller, J. and Millhouse, M. and Minenkov, Y. and Ming, J. and Mirshekari, S. and Mishra, C. and Mitra, S. and Mitrofanov, V. P. and Mitselmakher, G. and Mittleman, R. and Moggi, A. and Mohan, M. and Mohapatra, S. R. P. and Montani, M. and Moore, B. C. and Moore, C. J. and Moraru, D. and Moreno, G. and Morriss, S. R. and Mossavi, K. and Mours, B. and Mow-Lowry, C. M. and Mueller, C. L. and Mueller, G. and Muir, A. W. and Mukherjee, Arunava and Mukherjee, D. and Mukherjee, S. and Mukund, N. and Mullavey, A. and Munch, J. and Murphy, D. J. and Murray, P. G. and Mytidis, A. and Nardecchia, I. and Naticchioni, L. and Nayak, R. K. and Necula, V. and Nedkova, K. and Nelemans, G. and Neri, M. and Neunzert, A. and Newton, G. and Nguyen, T. T. and Nielsen, A. B. and Nissanke, S. and Nitz, A. and Nocera, F. and Nolting, D. and Normandin, M. E. and Nuttall, L. K. and Oberling, J. and Ochsner, E. and O’Dell, J. and Oelker, E. and Ogin, G. H. and Oh, J. J. and Oh, S. H. and Ohme, F. and Oliver, M. and Oppermann, P. and Oram, Richard J. and O’Reilly, B. and O’Shaughnessy, R. and Ottaway, D. J. and Ottens, R. S. and Overmier, H. and Owen, B. J. and Pai, A. and Pai, S. A. and Palamos, J. R. and Palashov, O. and Palomba, C. and Pal-Singh, A. and Pan, H. and Pankow, C. and Pannarale, F. and Pant, B. C. and Paoletti, F. and Paoli, A. and Papa, M. A. and Paris, H. R. and Parker, W. and Pascucci, D. and Pasqualetti, A. and Passaquieti, R. and Passuello, D. and Patricelli, B. and Patrick, Z. and Pearlstone, B. L. and Pedraza, M. and Pedurand, R. and Pekowsky, L. and Pele, A. and Penn, S. and Perreca, A. and Phelps, M. and Piccinni, O. and Pichot, M. and Piergiovanni, F. and Pierro, V. and Pillant, G. and Pinard, L. and Pinto, I. M. and Pitkin, M. and Poggiani, R. and Popolizio, P. and Porter, E. K. and Post, A. and Powell, J. and Prasad, J. and Predoi, V. and Premachandra, S. S. and Prestegard, T. and Price, L. R. and Prijatelj, M. and Principe, M. and Privitera, S. and Prodi, G. A. and Prokhorov, L. and Puncken, O. and Punturo, M. and Puppo, P. and P{\"{u}}rrer, M. and Qi, H. and Qin, J. and Quetschke, V. and Quintero, E. A. and Quitzow-James, R. and Raab, F. J. and Rabeling, D. S. and Radkins, H. and Raffai, P. and Raja, S. and Rakhmanov, M. and Rapagnani, P. and Raymond, V. and Razzano, M. and Re, V. and Read, J. and Reed, C. M. and Regimbau, T. and Rei, L. and Reid, S. and Reitze, D. H. and Rew, H. and Reyes, S. D. and Ricci, F. and Riles, K. and Robertson, N. A. and Robie, R. and Robinet, F. and Rocchi, A. and Rolland, L. and Rollins, J. G. and Roma, V. J. and Romano, R. and Romanov, G. and Romie, J. H. and Rosi{\'{n}}ska, D. and Rowan, S. and R{\"{u}}diger, A. and Ruggi, P. and Ryan, K. and Sachdev, S. and Sadecki, T. and Sadeghian, L. and Salconi, L. and Saleem, M. and Salemi, F. and Samajdar, A. and Sammut, L. and Sampson, L. and Sanchez, E. J. and Sandberg, V. and Sandeen, B. and Sanders, J. R. and Sassolas, B. and Sathyaprakash, B. S. and Saulson, P. R. and Sauter, O. and Savage, R. L. and Sawadsky, A. and Schale, P. and Schilling, R. and Schmidt, J. and Schmidt, P. and Schnabel, R. and Schofield, R. M. S. and Sch{\"{o}}nbeck, A. and Schreiber, E. and Schuette, D. and Schutz, B. F. and Scott, J. and Scott, S. M. and Sellers, D. and Sengupta, A. S. and Sentenac, D. and Sequino, V. and Sergeev, A. and Serna, G. and Setyawati, Y. and Sevigny, A. and Shaddock, D. A. and Shah, S. and Shahriar, M. S. and Shaltev, M. and Shao, Z. and Shapiro, B. and Shawhan, P. and Sheperd, A. and Shoemaker, D. H. and Shoemaker, D. M. and Siellez, K. and Siemens, X. and Sigg, D. and Silva, A. D. and Simakov, D. and Singer, A. and Singer, L. P. and Singh, A. and Singh, R. and Singhal, A. and Sintes, A. M. and Slagmolen, B. J. J. and Smith, J. R. and Smith, N. D. and Smith, R. J. E. and Son, E. J. and Sorazu, B. and Sorrentino, F. and Souradeep, T. and Srivastava, A. K. and Staley, A. and Steinke, M. and Steinlechner, J. and Steinlechner, S. and Steinmeyer, D. and Stephens, B. C. and Stevenson, S. and Stone, R. and Strain, K. A. and Straniero, N. and Stratta, G. and Strauss, N. A. and Strigin, S. and Sturani, R. and Stuver, A. L. and Summerscales, T. Z. and Sun, L. and Sutton, P. J. and Swinkels, B. L. and Szczepa{\'{n}}czyk, M. J. and Tacca, M. and Talukder, D. and Tanner, D. B. and T{\'{a}}pai, M. and Tarabrin, S. P. and Taracchini, A. and Taylor, R. and Theeg, T. and Thirugnanasambandam, M. P. and Thomas, E. G. and Thomas, M. and Thomas, P. and Thorne, K. A. and Thorne, K. S. and Thrane, E. and Tiwari, S. and Tiwari, V. and Tokmakov, K. V. and Tomlinson, C. and Tonelli, M. and Torres, C. V. and Torrie, C. I. and T{\"{o}}yr{\"{a}}, D. and Travasso, F. and Traylor, G. and Trifir{\`{o}}, D. and Tringali, M. C. and Trozzo, L. and Tse, M. and Turconi, M. and Tuyenbayev, D. and Ugolini, D. and Unnikrishnan, C. S. and Urban, A. L. and Usman, S. A. and Vahlbruch, H. and Vajente, G. and Valdes, G. and Vallisneri, M. and Bakel, N. van and Beuzekom, M. van and Brand, J. F. J. van den and Broeck, C. Van Den and Vander-Hyde, D. C. and Schaaf, L. van der and Heijningen, J. V. van and Veggel, A. A. van and Vardaro, M. and Vass, S. and Vas{\'{u}}th, M. and Vaulin, R. and Vecchio, A. and Vedovato, G. and Veitch, J. and Veitch, P. J. and Venkateswara, K. and Verkindt, D. and Vetrano, F. and Vicer{\'{e}}, A. and Vinciguerra, S. and Vine, D. J. and Vinet, J.-Y. and Vitale, S. and Vo, T. and Vocca, H. and Vorvick, C. and Voss, D. and Vousden, W. D. and Vyatchanin, S. P. and Wade, A. R. and Wade, L. E. and Wade, M. and Walker, M. and Wallace, L. and Walsh, S. and Wang, G. and Wang, H. and Wang, M. and Wang, X. and Wang, Y. and Ward, R. L. and Warner, J. and Was, M. and Weaver, B. and Wei, L.-W. and Weinert, M. and Weinstein, A. J. and Weiss, R. and Welborn, T. and Wen, L. and We{\ss}els, P. and Westphal, T. and Wette, K. and Whelan, J. T. and White, D. J. and Whiting, B. F. and Williams, R. D. and Williamson, A. R. and Willis, J. L. and Willke, B. and Wimmer, M. H. and Winkler, W. and Wipf, C. C. and Wittel, H. and Woan, G. and Worden, J. and Wright, J. L. and Wu, G. and Yablon, J. and Yam, W. and Yamamoto, H. and Yancey, C. C. and Yap, M. J. and Yu, H. and Yvert, M. and Zadro{\.{z}}ny, A. and Zangrando, L. and Zanolin, M. and Zendri, J.-P. and Zevin, M. and Zhang, F. and Zhang, L. and Zhang, M. and Zhang, Y. and Zhao, C. and Zhou, M. and Zhou, Z. and Zhu, X. J. and Zucker, M. E. and Zuraw, S. E. and Zweizig, J.},
    number = {1},
    month = {11},
    pages = {L1},
    volume = {833},
    doi = {10.3847/2041-8205/833/1/L1},
    issn = {2041-8213}
}

@article{VIRGO_2012,
    title = {{Virgo: a laser interferometer to detect gravitational waves}},
    year = {2012},
    journal = {Journal of Instrumentation},
    author = {Accadia, T and Acernese, F and Alshourbagy, M and Amico, P and Antonucci, F and Aoudia, S and Arnaud, N and Arnault, C and Arun, K G and Astone, P and Avino, S and Babusci, D and Ballardin, G and Barone, F and Barrand, G and Barsotti, L and Barsuglia, M and Basti, A and Bauer, Th S and Beauville, F and Bebronne, M and Bejger, M and Beker, M G and Bellachia, F and Belletoile, A and Beney, J L and Bernardini, M and Bigotta, S and Bilhaut, R and Birindelli, S and Bitossi, M and Bizouard, M A and Blom, M and Boccara, C and Boget, D and Bondu, F and Bonelli, L and Bonnand, R and Boschi, V and Bosi, L and Bouedo, T and Bouhou, B and Bozzi, A and Bracci, L and Braccini, S and Bradaschia, C and Branchesi, M and Briant, T and Brillet, A and Brisson, V and Brocco, L and Bulik, T and Bulten, H J and Buskulic, D and Buy, C and Cagnoli, G and Calamai, G and Calloni, E and Campagna, E and Canuel, B and Carbognani, F and Carbone, L and Cavalier, F and Cavalieri, R and Cecchi, R and Cella, G and Cesarini, E and Chassande-Mottin, E and Chatterji, S and Chiche, R and Chincarini, A and Chiummo, A and Christensen, N and Clapson, A C and Cleva, F and Coccia, E and Cohadon, P -F and Colacino, C N and Colas, J and Colla, A and Colombini, M and Conforto, G and Corsi, A and Cortese, S and Cottone, F and Coulon, J -P and Cuoco, E and D'Antonio, S and Daguin, G and Dari, A and Dattilo, V and David, P Y and Davier, M and Day, R and Debreczeni, G and Carolis, G De and Dehamme, M and Fabbro, R Del and Pozzo, W Del and Prete, M del and Derome, L and Rosa, R De and DeSalvo, R and Dialinas, M and Fiore, L Di and Lieto, A Di and Emilio, M Di Paolo and Virgilio, A Di and Dietz, A and Doets, M and Dominici, P and Dominjon, A and Drago, M and Drezen, C and Dujardin, B and Dulach, B and Eder, C and Eleuteri, A and Enard, D and Evans, M and Fabbroni, L and Fafone, V and Fang, H and Ferrante, I and Fidecaro, F and Fiori, I and Flaminio, R and Forest, D and Forte, L A and Fournier, J -D and Fournier, L and Franc, J and Francois, O and Frasca, S and Frasconi, F and Freise, A and Gaddi, A and Galimberti, M and Gammaitoni, L and Ganau, P and Garnier, C and Garufi, F and G{\'{a}}sp{\'{a}}r, M E and Gemme, G and Genin, E and Gennai, A and Gennaro, G and Giacobone, L and Giazotto, A and Giordano, G and Giordano, L and Girard, C and Gouaty, R and Grado, A and Granata, M and Granata, V and Grave, X and Greverie, C and Groenstege, H and Guidi, G M and Hamdani, S and Hayau, J -F and Hebri, S and Heidmann, A and Heitmann, H and Hello, P and Hemming, G and Hennes, E and Hermel, R and Heusse, P and Holloway, L and Huet, D and Iannarelli, M and Jaranowski, P and Jehanno, D and Journet, L and Karkar, S and Ketel, T and Voet, H and Kovalik, J and Kowalska, I and Kreckelbergh, S and Krolak, A and Lacotte, J C and Lagrange, B and Penna, P La and Laval, M and Marec, J C Le and Leroy, N and Letendre, N and Li, T G F and Lieunard, B and Liguori, N and Lodygensky, O and Lopez, B and Lorenzini, M and Loriette, V and Losurdo, G and Loupias, M and Mackowski, J M and Maiani, T and Majorana, E and Magazz{\`{u}}, C and Maksimovic, I and Malvezzi, V and Man, N and Mancini, S and Mansoux, B and Mantovani, M and Marchesoni, F and Marion, F and Marin, P and Marque, J and Martelli, F and Masserot, A and Massonnet, L and Matone, G and Matone, L and Mazzoni, M and Menzinger, F and Michel, C and Milano, L and Minenkov, Y and Mitra, S and Mohan, M and Montorio, J -L and Morand, R and Moreau, F and Moreau, J and Morgado, N and Morgia, A and Mosca, S and Moscatelli, V and Mours, B and Mugnier, P and Mul, F -A and Naticchioni, L and Neri, I and Nocera, F and Pacaud, E and Pagliaroli, G and Pai, A and Palladino, L and Palomba, C and Paoletti, F and Paoletti, R and Paoli, A and Pardi, S and Parguez, G and Parisi, M and Pasqualetti, A and Passaquieti, R and Passuello, D and Perciballi, M and Perniola, B and Persichetti, G and Petit, S and Pichot, M and Piergiovanni, F and Pietka, M and Pignard, R and Pinard, L and Poggiani, R and Popolizio, P and Pradier, T and Prato, M and Prodi, G A and Punturo, M and Puppo, P and Qipiani, K and Rabaste, O and Rabeling, D S and R{\'{a}}cz, I and Raffaelli, F and Rapagnani, P and Rapisarda, S and Re, V and Reboux, A and Regimbau, T and Reita, V and Remilleux, A and Ricci, F and Ricciardi, I and Richard, F and Ripepe, M and Robinet, F and Rocchi, A and Rolland, L and Romano, R and Rosi{\'{n}}ska, D and Roudier, P and Ruggi, P and Russo, G and Salconi, L and Sannibale, V and Sassolas, B and Sentenac, D and Solimeno, S and Sottile, R and Sperandio, L and Stanga, R and Sturani, R and Swinkels, B and Tacca, M and Taddei, R and Taffarello, L and Tarallo, M and Tissot, S and Toncelli, A and Tonelli, M and Torre, O and Tournefier, E and Travasso, F and Tremola, C and Turri, E and Vajente, G and Brand, J F J van den and Broeck, C Van Den and Putten, S van der and Vasuth, M and Vavoulidis, M and Vedovato, G and Verkindt, D and Vetrano, F and V{\'{e}}ziant, O and Vicer{\'{e}}, A and Vinet, J -Y and Vilalte, S and Vitale, S and Vocca, H and Ward, R L and Was, M and Yamamoto, K and Yvert, M and Zendri, J -P and Zhang, Z},
    number = {03},
    month = {3},
    pages = {P03012-P03012},
    volume = {7},
    doi = {10.1088/1748-0221/7/03/P03012},
    issn = {1748-0221}
}

@article{2017FishBach_BBH_model,
    title = {{Where Are LIGO’s Big Black Holes?}},
    year = {2017},
    journal = {The Astrophysical Journal},
    author = {Fishbach, Maya and Holz, Daniel E.},
    number = {2},
    month = {12},
    pages = {L25},
    volume = {851},
    doi = {10.3847/2041-8213/aa9bf6},
    issn = {2041-8213}
}

@article{fishbach-2017,
    title = {{Where Are LIGO’s Big Black Holes?}},
    year = {2017},
    journal = {The Astrophysical Journal},
    author = {Fishbach, Maya and Holz, Daniel E.},
    number = {2},
    month = {12},
    pages = {L25},
    volume = {851},
    doi = {10.3847/2041-8213/aa9bf6},
    issn = {2041-8213}
}

@article{Lower2018MeasuringWaves,
    title = {{Measuring eccentricity in binary black hole inspirals with gravitational waves}},
    year = {2018},
    journal = {Physical Review D},
    author = {Lower, Marcus E. and Thrane, Eric and Lasky, Paul D. and Smith, Rory},
    number = {8},
    month = {10},
    pages = {083028},
    volume = {98},
    doi = {10.1103/PhysRevD.98.083028},
    issn = {2470-0010}
}

@techreport{Wysocki2020MeasuringObservations,
    title = {{Measuring the Population Properties of Merging Compact Measuring the Population Properties of Merging Compact Binaries with Gravitational Wave Observations Binaries with Gravitational Wave Observations}},
    year = {2020},
    author = {Wysocki, Daniel},
    url = {https://scholarworks.rit.edu/theses}
}